<?xml version="1.0" encoding="UTF-8"?>
<!DOCTYPE html PUBLIC "-//W3C//DTD XHTML 1.0 Transitional//EN"
    "http://www.w3.org/TR/xhtml1/DTD/xhtml1-transitional.dtd">
<html xmlns="http://www.w3.org/1999/xhtml" xml:lang="en" lang="en">
 <head>
  <title>
</title>
<meta http-equiv="Content-Type" content="text/html;charset=utf-8" />
  <meta name='ocr-system' content='tesseract 3.04.00' />
  <meta name='ocr-capabilities' content='ocr_page ocr_carea ocr_par ocr_line ocrx_word'/>
</head>
<body>
  <div class='ocr_page' id='page_1' title='image "./scalaeprimaeafi00spengoog_0069.png"; bbox 0 0 2409 3642; ppageno 0'>
   <div class='ocr_carea' id='block_1_1' title="bbox 440 231 1060 310">
    <p class='ocr_par' dir='ltr' id='par_1_1' title="bbox 440 231 1060 310">
     <span class='ocr_line' id='line_1_1' title="bbox 440 231 1060 310; baseline 0.003 -26"><span class='ocrx_word' id='word_1_1' title='bbox 440 231 594 284; x_wconf 81' lang='lat' dir='ltr'>SCALAE</span> <span class='ocrx_word' id='word_1_2' title='bbox 626 232 780 285; x_wconf 70' lang='lat' dir='ltr'><strong>numan</strong></span> <span class='ocrx_word' id='word_1_3' title='bbox 1016 242 1060 310; x_wconf 83' lang='lat'><strong>53</strong></span> 
     </span>
    </p>
   </div>
   <div class='ocr_carea' id='block_1_2' title="bbox 370 449 840 512">
    <p class='ocr_par' dir='ltr' id='par_1_2' title="bbox 370 449 840 512">
     <span class='ocr_line' id='line_1_2' title="bbox 370 449 840 512; baseline 0 0"><span class='ocrx_word' id='word_1_4' title='bbox 370 449 521 512; x_wconf 84' lang='lat' dir='ltr'>LXXXI.</span> <span class='ocrx_word' id='word_1_5' title='bbox 552 452 584 512; x_wconf 83' lang='lat' dir='ltr'>A</span> <span class='ocrx_word' id='word_1_6' title='bbox 605 451 840 512; x_wconf 74' lang='lat' dir='ltr'><strong>Pnruosornnn.</strong></span> 
     </span>
    </p>
   </div>
   <div class='ocr_carea' id='block_1_3' title="bbox 156 581 1086 1356">
    <p class='ocr_par' dir='ltr' id='par_1_3' title="bbox 156 581 1086 1356">
     <span class='ocr_line' id='line_1_3' title="bbox 199 581 1059 661; baseline 0.003 -20"><span class='ocrx_word' id='word_1_7' title='bbox 199 581 254 642; x_wconf 84' lang='lat' dir='ltr'><strong>Lis</strong></span> <span class='ocrx_word' id='word_1_8' title='bbox 267 582 429 659; x_wconf 87' lang='lat' dir='ltr'><strong>quondam</strong></span> <span class='ocrx_word' id='word_1_9' title='bbox 442 582 525 643; x_wconf 91' lang='lat' dir='ltr'><strong>inter</strong></span> <span class='ocrx_word' id='word_1_10' title='bbox 542 582 679 643; x_wconf 79' lang='lat' dir='ltr'><strong>militem</strong></span> <span class='ocrx_word' id='word_1_11' title='bbox 698 587 730 644; x_wconf 89' lang='lat' dir='ltr'><strong>et</strong></span> <span class='ocrx_word' id='word_1_12' title='bbox 747 584 972 661; x_wconf 88' lang='lat' dir='ltr'><strong>philosophum</strong></span> <span class='ocrx_word' id='word_1_13' title='bbox 992 587 1059 645; x_wconf 85' lang='lat' dir='ltr'><strong>orta</strong></span> 
     </span>
     <span class='ocr_line' id='line_1_4' title="bbox 157 681 1055 760; baseline 0.002 -20"><span class='ocrx_word' id='word_1_14' title='bbox 157 682 235 741; x_wconf 88' lang='lat' dir='ltr'><strong>erat.</strong></span> <span class='ocrx_word' id='word_1_15' title='bbox 278 683 360 742; x_wconf 80' lang='lat' dir='ltr'><strong>Tum</strong></span> <span class='ocrx_word' id='word_1_16' title='bbox 381 681 472 742; x_wconf 90' lang='lat' dir='ltr'><strong>miles</strong></span> <span class='ocrx_word' id='word_1_17' title='bbox 492 682 601 742; x_wconf 79' lang='lat' dir='ltr'><strong>baculo</strong></span> <span class='ocrx_word' id='word_1_18' title='bbox 623 682 848 760; x_wconf 89' lang='lat' dir='ltr'><strong>philosophum</strong></span> <span class='ocrx_word' id='word_1_19' title='bbox 869 682 1055 757; x_wconf 83' lang='lat' dir='ltr'><strong>verberavit,</strong></span> 
     </span>
     <span class='ocr_line' id='line_1_5' title="bbox 157 778 1058 859; baseline 0.003 -21"><span class='ocrx_word' id='word_1_20' title='bbox 157 778 364 857; x_wconf 86' lang='lat' dir='ltr'><strong>philosophus</strong></span> <span class='ocrx_word' id='word_1_21' title='bbox 384 782 490 840; x_wconf 83' lang='lat' dir='ltr'><strong>autem</strong></span> <span class='ocrx_word' id='word_1_22' title='bbox 512 800 612 859; x_wconf 91' lang='lat' dir='ltr'><strong>neque</strong></span> <span class='ocrx_word' id='word_1_23' title='bbox 633 781 732 840; x_wconf 84' lang='lat' dir='ltr'><strong>iratus</strong></span> <span class='ocrx_word' id='word_1_24' title='bbox 753 782 814 841; x_wconf 90' lang='lat' dir='ltr'><strong>fuit</strong></span> <span class='ocrx_word' id='word_1_25' title='bbox 835 801 936 859; x_wconf 87' lang='lat' dir='ltr'><strong>neque</strong></span> <span class='ocrx_word' id='word_1_26' title='bbox 955 801 988 842; x_wconf 87' lang='lat' dir='ltr'><strong>se</strong></span> <span class='ocrx_word' id='word_1_27' title='bbox 1010 783 1058 841; x_wconf 91' lang='lat' dir='ltr'><strong>de·</strong></span> 
     </span>
     <span class='ocr_line' id='line_1_6' title="bbox 157 878 1057 958; baseline 0.003 -22"><span class='ocrx_word' id='word_1_28' title='bbox 157 878 311 939; x_wconf 78' lang='lat' dir='ltr'><strong>tendebat.</strong></span> <span class='ocrx_word' id='word_1_29' title='bbox 357 879 444 940; x_wconf 81' lang='lat' dir='ltr'><strong>Huic</strong></span> <span class='ocrx_word' id='word_1_30' title='bbox 469 882 575 941; x_wconf 89' lang='lat' dir='ltr'><strong>autem</strong></span> <span class='ocrx_word' id='word_1_31' title='bbox 598 881 726 958; x_wconf 87' lang='lat' dir='ltr'><strong>quidam</strong></span> <span class='ocrx_word' id='word_1_32' title='bbox 747 901 786 940; x_wconf 82' lang='lat' dir='ltr'><strong>ex</strong></span> <span class='ocrx_word' id='word_1_33' title='bbox 807 880 918 940; x_wconf 86' lang='lat' dir='ltr'><strong>amieis</strong></span> <span class='ocrx_word' id='word_1_34' title='bbox 937 881 1057 957; x_wconf 90' lang='lat' dir='ltr'><strong>inquit:</strong></span> 
     </span>
     <span class='ocr_line' id='line_1_7' title="bbox 161 974 1086 1056; baseline 0.003 -18"><span class='ocrx_word' id='word_1_35' title='bbox 161 978 241 1038; x_wconf 82' lang='lat' dir='ltr'><strong>‘Cur</strong></span> <span class='ocrx_word' id='word_1_36' title='bbox 261 980 297 1038; x_wconf 85' lang='lat' dir='ltr'><strong>tu</strong></span> <span class='ocrx_word' id='word_1_37' title='bbox 318 978 394 1038; x_wconf 80' lang='lat' dir='ltr'><strong>haee</strong></span> <span class='ocrx_word' id='word_1_38' title='bbox 415 979 544 1040; x_wconf 88' lang='lat' dir='ltr'><strong>verbera</strong></span> <span class='ocrx_word' id='word_1_39' title='bbox 565 982 632 1039; x_wconf 79' lang='lat' dir='ltr'><strong>tam</strong></span> <span class='ocrx_word' id='word_1_40' title='bbox 655 979 775 1056; x_wconf 85' lang='lat' dir='ltr'><strong>plaeide</strong></span> <span class='ocrx_word' id='word_1_41' title='bbox 800 979 961 1039; x_wconf 75' lang='lat' dir='ltr'><strong>sustines?</strong></span> <span class='ocrx_word' id='word_1_42' title='bbox 1002 974 1086 1044; x_wconf 82' lang='lat' dir='ltr'><strong>Vir5</strong></span> 
     </span>
     <span class='ocr_line' id='line_1_8' title="bbox 156 1076 1059 1154; baseline 0.002 -18"><span class='ocrx_word' id='word_1_43' title='bbox 156 1078 243 1137; x_wconf 89' lang='lat' dir='ltr'><strong>enim</strong></span> <span class='ocrx_word' id='word_1_44' title='bbox 270 1079 363 1139; x_wconf 86' lang='lat' dir='ltr'><strong>fortis</strong></span> <span class='ocrx_word' id='word_1_45' title='bbox 389 1078 466 1138; x_wconf 89' lang='lat' dir='ltr'><strong>talia</strong></span> <span class='ocrx_word' id='word_1_46' title='bbox 492 1078 572 1139; x_wconf 86' lang='lat' dir='ltr'><strong>ferre</strong></span> <span class='ocrx_word' id='word_1_47' title='bbox 600 1098 665 1138; x_wconf 91' lang='lat' dir='ltr'><strong>non</strong></span> <span class='ocrx_word' id='word_1_48' title='bbox 690 1076 804 1138; x_wconf 83' lang='lat' dir='ltr'><strong>debet’</strong></span> <span class='ocrx_word' id='word_1_49' title='bbox 846 1077 1059 1154; x_wconf 83' lang='lat' dir='ltr'>Philosophus</span> 
     </span>
     <span class='ocr_line' id='line_1_9' title="bbox 158 1176 1059 1255; baseline 0.002 -20"><span class='ocrx_word' id='word_1_50' title='bbox 158 1177 339 1253; x_wconf 86' lang='lat' dir='ltr'><strong>respondit:</strong></span> <span class='ocrx_word' id='word_1_51' title='bbox 366 1177 470 1238; x_wconf 83' lang='lat' dir='ltr'><strong>‘Haeo</strong></span> <span class='ocrx_word' id='word_1_52' title='bbox 490 1181 561 1255; x_wconf 85' lang='lat' dir='ltr'><strong>post</strong></span> <span class='ocrx_word' id='word_1_53' title='bbox 582 1180 708 1255; x_wconf 82' lang='lat' dir='ltr'><strong>tergum</strong></span> <span class='ocrx_word' id='word_1_54' title='bbox 728 1197 837 1238; x_wconf 90' lang='lat' dir='ltr'><strong>meum</strong></span> <span class='ocrx_word' id='word_1_55' title='bbox 861 1176 1059 1251; x_wconf 75' lang='lat' dir='ltr'><strong>aeciderunt3</strong></span> 
     </span>
     <span class='ocr_line' id='line_1_10' title="bbox 157 1275 560 1356; baseline 0.007 -21"><span class='ocrx_word' id='word_1_56' title='bbox 157 1295 208 1335; x_wconf 91' lang='lat' dir='ltr'><strong>me</strong></span> <span class='ocrx_word' id='word_1_57' title='bbox 222 1276 318 1356; x_wconf 82' lang='lat' dir='ltr'><strong>igitur</strong></span> <span class='ocrx_word' id='word_1_58' title='bbox 331 1297 395 1337; x_wconf 92' lang='lat' dir='ltr'><strong>non</strong></span> <span class='ocrx_word' id='word_1_59' title='bbox 409 1275 560 1338; x_wconf 82' lang='lat' dir='ltr'><strong>turbant&#39;</strong></span> 
     </span>
    </p>
   </div>
   <div class='ocr_carea' id='block_1_4' title="bbox 257 1482 954 1547">
    <p class='ocr_par' dir='ltr' id='par_1_4' title="bbox 257 1482 954 1547">
     <span class='ocr_line' id='line_1_11' title="bbox 257 1482 954 1547; baseline -0.001 -3"><span class='ocrx_word' id='word_1_60' title='bbox 257 1483 425 1547; x_wconf 89' lang='lat' dir='ltr'>LXXXII.</span> <span class='ocrx_word' id='word_1_61' title='bbox 455 1483 533 1545; x_wconf 75' lang='lat' dir='ltr'><strong>Two</strong></span> <span class='ocrx_word' id='word_1_62' title='bbox 554 1483 763 1546; x_wconf 75' lang='lat' dir='ltr'><strong>Onnnnnnrnn</strong></span> <span class='ocrx_word' id='word_1_63' title='bbox 785 1482 954 1543; x_wconf 71' lang='lat' dir='ltr'><strong>Pururnns.</strong></span> 
     </span>
    </p>
   </div>
   <div class='ocr_carea' id='block_1_5' title="bbox 155 1615 1099 2692">
    <p class='ocr_par' dir='ltr' id='par_1_5' title="bbox 155 1615 1099 2692">
     <span class='ocr_line' id='line_1_12' title="bbox 198 1615 1058 1695; baseline -0.002 -18"><span class='ocrx_word' id='word_1_64' title='bbox 198 1618 298 1678; x_wconf 84' lang='lat' dir='ltr'><strong>Erant</strong></span> <span class='ocrx_word' id='word_1_65' title='bbox 327 1618 405 1678; x_wconf 91' lang='lat' dir='ltr'><strong>olim</strong></span> <span class='ocrx_word' id='word_1_66' title='bbox 432 1617 494 1678; x_wconf 93' lang='lat' dir='ltr'><strong>duo</strong></span> <span class='ocrx_word' id='word_1_67' title='bbox 520 1617 657 1695; x_wconf 79' lang='lat' dir='ltr'><strong>pictores</strong></span> <span class='ocrx_word' id='word_1_68' title='bbox 687 1615 892 1691; x_wconf 82' lang='lat' dir='ltr'><strong>eeleberrimi,</strong></span> <span class='ocrx_word' id='word_1_69' title='bbox 923 1636 1058 1694; x_wconf 90' lang='lat' dir='ltr'><strong>quorum</strong></span> 
     </span>
     <span class='ocr_line' id='line_1_13' title="bbox 157 1714 1059 1793; baseline -0.002 -16"><span class='ocrx_word' id='word_1_70' title='bbox 157 1717 237 1778; x_wconf 88' lang='lat' dir='ltr'><strong>alter</strong></span> <span class='ocrx_word' id='word_1_71' title='bbox 257 1717 379 1793; x_wconf 83' lang='lat' dir='ltr'><strong>Zeuxis,</strong></span> <span class='ocrx_word' id='word_1_72' title='bbox 407 1718 486 1779; x_wconf 86' lang='lat' dir='ltr'><strong>alter</strong></span> <span class='ocrx_word' id='word_1_73' title='bbox 509 1715 698 1778; x_wconf 83' lang='lat' dir='ltr'><strong>Parrhasius</strong></span> <span class='ocrx_word' id='word_1_74' title='bbox 720 1714 898 1778; x_wconf 84' lang='lat' dir='ltr'><strong>vocabatur.</strong></span> <span class='ocrx_word' id='word_1_75' title='bbox 944 1716 1059 1777; x_wconf 78' lang='lat' dir='ltr'>Zeuxis</span> 
     </span>
     <span class='ocr_line' id='line_1_14' title="bbox 157 1816 1058 1894; baseline -0.001 -19"><span class='ocrx_word' id='word_1_76' title='bbox 157 1817 263 1876; x_wconf 90' lang='lat' dir='ltr'><strong>autem</strong></span> <span class='ocrx_word' id='word_1_77' title='bbox 276 1837 409 1894; x_wconf 91' lang='lat' dir='ltr'><strong>puerum</strong></span> <span class='ocrx_word' id='word_1_78' title='bbox 424 1835 501 1878; x_wconf 86' lang='lat' dir='ltr'><strong>uvas</strong></span> <span class='ocrx_word' id='word_1_79' title='bbox 520 1816 674 1876; x_wconf 87' lang='lat' dir='ltr'><strong>ferentem</strong></span> <span class='ocrx_word' id='word_1_80' title='bbox 693 1816 846 1893; x_wconf 74' lang='lat' dir='ltr'>pinxerat,</span> <span class='ocrx_word' id='word_1_81' title='bbox 863 1817 895 1876; x_wconf 85' lang='lat' dir='ltr'><strong>et</strong></span> <span class='ocrx_word' id='word_1_82' title='bbox 912 1817 1058 1875; x_wconf 84' lang='lat' dir='ltr'><strong>naturam</strong></span> 
     </span>
     <span class='ocr_line' id='line_1_15' title="bbox 157 1913 1057 1976; baseline 0 0"><span class='ocrx_word' id='word_1_83' title='bbox 157 1918 222 1976; x_wconf 89' lang='lat' dir='ltr'><strong>tam</strong></span> <span class='ocrx_word' id='word_1_84' title='bbox 236 1916 314 1976; x_wconf 87' lang='lat' dir='ltr'><strong>bene</strong></span> <span class='ocrx_word' id='word_1_85' title='bbox 334 1919 400 1976; x_wconf 86' lang='lat' dir='ltr'><strong>erat</strong></span> <span class='ocrx_word' id='word_1_86' title='bbox 419 1916 562 1976; x_wconf 87' lang='lat' dir='ltr'><strong>imitatus</strong></span> <span class='ocrx_word' id='word_1_87' title='bbox 580 1917 617 1974; x_wconf 88' lang='lat' dir='ltr'><strong>ut</strong></span> <span class='ocrx_word' id='word_1_88' title='bbox 634 1934 708 1975; x_wconf 91' lang='lat' dir='ltr'><strong>aves</strong></span> <span class='ocrx_word' id='word_1_89' title='bbox 727 1914 766 1974; x_wconf 87' lang='lat' dir='ltr'><strong>ad</strong></span> <span class='ocrx_word' id='word_1_90' title='bbox 783 1913 923 1974; x_wconf 89' lang='lat' dir='ltr'><strong>tabulam</strong></span> <span class='ocrx_word' id='word_1_91' title='bbox 937 1915 1057 1976; x_wconf 79' lang='lat' dir='ltr'><strong>advola</strong></span> 
     </span>
     <span class='ocr_line' id='line_1_16' title="bbox 157 2013 1083 2083; baseline 0 -9"><span class='ocrx_word' id='word_1_92' title='bbox 157 2017 228 2074; x_wconf 85' lang='lat' dir='ltr'><strong>rent</strong></span> <span class='ocrx_word' id='word_1_93' title='bbox 252 2019 284 2076; x_wconf 86' lang='lat' dir='ltr'><strong>et</strong></span> <span class='ocrx_word' id='word_1_94' title='bbox 308 2035 385 2076; x_wconf 87' lang='lat' dir='ltr'><strong>uvas</strong></span> <span class='ocrx_word' id='word_1_95' title='bbox 408 2016 497 2076; x_wconf 85' lang='lat' dir='ltr'><strong>edere</strong></span> <span class='ocrx_word' id='word_1_96' title='bbox 523 2016 719 2075; x_wconf 77' lang='lat' dir='ltr'><strong>conarentur.</strong></span> <span class='ocrx_word' id='word_1_97' title='bbox 764 2013 846 2073; x_wconf 81' lang='lat' dir='ltr'><strong>Tum</strong></span> <span class='ocrx_word' id='word_1_98' title='bbox 870 2013 1083 2083; x_wconf 76' lang='lat' dir='ltr'><strong>Parrhasiuss</strong></span> 
     </span>
     <span class='ocr_line' id='line_1_17' title="bbox 155 2113 1056 2191; baseline 0 -17"><span class='ocrx_word' id='word_1_99' title='bbox 155 2114 297 2175; x_wconf 79' lang='lat' dir='ltr'><strong>tabulam</strong></span> <span class='ocrx_word' id='word_1_100' title='bbox 311 2116 428 2190; x_wconf 84' lang='lat' dir='ltr'><strong>attulit,</strong></span> <span class='ocrx_word' id='word_1_101' title='bbox 445 2115 480 2174; x_wconf 90' lang='lat' dir='ltr'><strong>in</strong></span> <span class='ocrx_word' id='word_1_102' title='bbox 494 2134 556 2191; x_wconf 83' lang='lat' dir='ltr'><strong>qua</strong></span> <span class='ocrx_word' id='word_1_103' title='bbox 572 2133 713 2190; x_wconf 86' lang='lat' dir='ltr'><strong>pannum</strong></span> <span class='ocrx_word' id='word_1_104' title='bbox 731 2113 882 2189; x_wconf 76' lang='lat' dir='ltr'><strong>pinxerat.</strong></span> <span class='ocrx_word' id='word_1_105' title='bbox 926 2113 1056 2174; x_wconf 83' lang='lat' dir='ltr'><strong>Parrha·</strong></span> 
     </span>
     <span class='ocr_line' id='line_1_18' title="bbox 156 2213 1056 2291; baseline -0.002 -15"><span class='ocrx_word' id='word_1_106' title='bbox 156 2215 223 2276; x_wconf 88' lang='lat' dir='ltr'><strong>sius</strong></span> <span class='ocrx_word' id='word_1_107' title='bbox 249 2218 355 2276; x_wconf 87' lang='lat' dir='ltr'><strong>autem</strong></span> <span class='ocrx_word' id='word_1_108' title='bbox 382 2214 499 2275; x_wconf 89' lang='lat' dir='ltr'><strong>morari</strong></span> <span class='ocrx_word' id='word_1_109' title='bbox 526 2213 692 2274; x_wconf 86' lang='lat' dir='ltr'><strong>videbatur</strong></span> <span class='ocrx_word' id='word_1_110' title='bbox 715 2216 747 2273; x_wconf 86' lang='lat' dir='ltr'><strong>et</strong></span> <span class='ocrx_word' id='word_1_111' title='bbox 771 2213 885 2274; x_wconf 84' lang='lat' dir='ltr'><strong>Zeuxis</strong></span> <span class='ocrx_word' id='word_1_112' title='bbox 910 2214 1056 2291; x_wconf 80' lang='lat' dir='ltr'><strong>deceptus</strong></span> 
     </span>
     <span class='ocr_line' id='line_1_19' title="bbox 156 2312 1055 2393; baseline -0.002 -19"><span class='ocrx_word' id='word_1_113' title='bbox 156 2314 281 2393; x_wconf 88' lang='lat' dir='ltr'><strong>iuquit:</strong></span> <span class='ocrx_word' id='word_1_114' title='bbox 305 2315 421 2376; x_wconf 82' lang='lat' dir='ltr'><strong>‘Aufer</strong></span> <span class='ocrx_word' id='word_1_115' title='bbox 434 2334 583 2393; x_wconf 86' lang='lat' dir='ltr'><strong>pannum,</strong></span> <span class='ocrx_word' id='word_1_116' title='bbox 600 2316 637 2374; x_wconf 91' lang='lat' dir='ltr'><strong>ut</strong></span> <span class='ocrx_word' id='word_1_117' title='bbox 652 2313 793 2373; x_wconf 89' lang='lat' dir='ltr'><strong>tabulam</strong></span> <span class='ocrx_word' id='word_1_118' title='bbox 806 2312 953 2374; x_wconf 62' lang='lat' dir='ltr'><strong>videam!</strong></span> <span class='ocrx_word' id='word_1_119' title='bbox 996 2313 1055 2374; x_wconf 84' lang='lat' dir='ltr'><strong>Sed</strong></span> 
     </span>
     <span class='ocr_line' id='line_1_20' title="bbox 155 2411 1056 2488; baseline -0.003 -14"><span class='ocrx_word' id='word_1_120' title='bbox 155 2414 263 2474; x_wconf 86' lang='lat' dir='ltr'><strong>statim</strong></span> <span class='ocrx_word' id='word_1_121' title='bbox 283 2435 421 2475; x_wconf 87' lang='lat' dir='ltr'><strong>errorem</strong></span> <span class='ocrx_word' id='word_1_122' title='bbox 441 2433 536 2475; x_wconf 90' lang='lat' dir='ltr'><strong>suum</strong></span> <span class='ocrx_word' id='word_1_123' title='bbox 556 2412 714 2474; x_wconf 76' lang='lat' dir='ltr'><strong>intellexit</strong></span> <span class='ocrx_word' id='word_1_124' title='bbox 734 2416 766 2472; x_wconf 89' lang='lat' dir='ltr'><strong>et</strong></span> <span class='ocrx_word' id='word_1_125' title='bbox 784 2411 952 2472; x_wconf 85' lang='lat' dir='ltr'><strong>Parrhasio</strong></span> <span class='ocrx_word' id='word_1_126' title='bbox 973 2432 1056 2488; x_wconf 89' lang='lat' dir='ltr'><strong>prae·</strong></span> 
     </span>
     <span class='ocr_line' id='line_1_21' title="bbox 156 2512 1099 2590; baseline -0.008 -17"><span class='ocrx_word' id='word_1_127' title='bbox 156 2512 257 2574; x_wconf 91' lang='lat' dir='ltr'><strong>mium</strong></span> <span class='ocrx_word' id='word_1_128' title='bbox 274 2533 347 2574; x_wconf 89' lang='lat' dir='ltr'><strong>oum</strong></span> <span class='ocrx_word' id='word_1_129' title='bbox 365 2514 417 2575; x_wconf 85' lang='lat' dir='ltr'><strong>his</strong></span> <span class='ocrx_word' id='word_1_130' title='bbox 431 2514 534 2575; x_wconf 88' lang='lat' dir='ltr'><strong>verbis</strong></span> <span class='ocrx_word' id='word_1_131' title='bbox 552 2513 659 2574; x_wconf 86' lang='lat' dir='ltr'><strong>dedit:</strong></span> <span class='ocrx_word' id='word_1_132' title='bbox 687 2514 771 2590; x_wconf 83' lang='lat' dir='ltr'><strong>‘Ego</strong></span> <span class='ocrx_word' id='word_1_133' title='bbox 787 2512 891 2573; x_wconf 90' lang='lat' dir='ltr'><strong>solum</strong></span> <span class='ocrx_word' id='word_1_134' title='bbox 905 2530 998 2584; x_wconf 82' lang='lat' dir='ltr'><strong>aves3</strong></span> <span class='ocrx_word' id='word_1_135' title='bbox 1019 2514 1055 2571; x_wconf 89' lang='lat' dir='ltr'><strong>tu</strong></span> <span class='ocrx_word' id='word_1_136' title='bbox 1070 2531 1099 2566; x_wconf 80' lang='grc' dir='ltr'>ω</span> 
     </span>
     <span class='ocr_line' id='line_1_22' title="bbox 156 2613 384 2692; baseline 0.013 -21"><span class='ocrx_word' id='word_1_137' title='bbox 156 2631 206 2672; x_wconf 91' lang='lat' dir='ltr'><strong>me</strong></span> <span class='ocrx_word' id='word_1_138' title='bbox 218 2613 384 2692; x_wconf 87' lang='lat' dir='ltr'><strong>deoepisti.’</strong></span> 
     </span>
    </p>
   </div>
   <div class='ocr_carea' id='block_1_6' title="bbox 185 2821 956 2885">
    <p class='ocr_par' dir='ltr' id='par_1_6' title="bbox 185 2821 956 2885">
     <span class='ocr_line' id='line_1_23' title="bbox 185 2821 956 2885; baseline -0.003 -1"><span class='ocrx_word' id='word_1_139' title='bbox 185 2860 190 2868; x_wconf 87' lang='lat'><strong>·</strong></span> <span class='ocrx_word' id='word_1_140' title='bbox 251 2823 437 2885; x_wconf 86' lang='lat' dir='ltr'>LXXXIII.</span> <span class='ocrx_word' id='word_1_141' title='bbox 469 2825 541 2885; x_wconf 76' lang='lat' dir='ltr'><strong>Tun</strong></span> <span class='ocrx_word' id='word_1_142' title='bbox 562 2825 643 2884; x_wconf 84' lang='lat' dir='ltr'><strong>Lrou</strong></span> <span class='ocrx_word' id='word_1_143' title='bbox 664 2843 730 2884; x_wconf 73' lang='lat' dir='ltr'><strong>urm</strong></span> <span class='ocrx_word' id='word_1_144' title='bbox 751 2842 815 2884; x_wconf 78' lang='lat' dir='ltr'><strong>unu</strong></span> <span class='ocrx_word' id='word_1_145' title='bbox 836 2821 956 2883; x_wconf 79' lang='lat' dir='ltr'><strong>Mousn.</strong></span> 
     </span>
    </p>
   </div>
   <div class='ocr_carea' id='block_1_7' title="bbox 153 2957 1055 3335">
    <p class='ocr_par' dir='ltr' id='par_1_7' title="bbox 153 2957 1055 3335">
     <span class='ocr_line' id='line_1_24' title="bbox 196 2957 1055 3035; baseline -0.003 -18"><span class='ocrx_word' id='word_1_146' title='bbox 196 2957 268 3017; x_wconf 86' lang='lat' dir='ltr'><strong>Mus</strong></span> <span class='ocrx_word' id='word_1_147' title='bbox 288 2958 456 3035; x_wconf 86' lang='lat' dir='ltr'><strong>aliquando</strong></span> <span class='ocrx_word' id='word_1_148' title='bbox 477 2978 495 3018; x_wconf 90' lang='lat' dir='ltr'><strong>a</strong></span> <span class='ocrx_word' id='word_1_149' title='bbox 515 2958 605 3019; x_wconf 90' lang='lat' dir='ltr'><strong>leone</strong></span> <span class='ocrx_word' id='word_1_150' title='bbox 627 2957 873 3035; x_wconf 80' lang='lat' dir='ltr'><strong>comprehensus</strong></span> <span class='ocrx_word' id='word_1_151' title='bbox 894 2958 940 3016; x_wconf 88' lang='lat' dir='ltr'><strong>est</strong></span> <span class='ocrx_word' id='word_1_152' title='bbox 961 2975 1055 3033; x_wconf 91' lang='lat' dir='ltr'><strong>quem</strong></span> 
     </span>
     <span class='ocr_line' id='line_1_25' title="bbox 154 3054 1055 3134; baseline -0.003 -17"><span class='ocrx_word' id='word_1_153' title='bbox 154 3056 332 3118; x_wconf 78' lang='lat' dir='ltr'><strong>inconsulte</strong></span> <span class='ocrx_word' id='word_1_154' title='bbox 366 3058 520 3134; x_wconf 87' lang='lat' dir='ltr'><strong>attigerat.</strong></span> <span class='ocrx_word' id='word_1_155' title='bbox 575 3056 749 3119; x_wconf 83' lang='lat' dir='ltr'><strong>Summisse</strong></span> <span class='ocrx_word' id='word_1_156' title='bbox 774 3057 826 3117; x_wconf 87' lang='lat' dir='ltr'><strong>hie</strong></span> <span class='ocrx_word' id='word_1_157' title='bbox 850 3056 976 3117; x_wconf 85' lang='lat' dir='ltr'><strong>veniam</strong></span> <span class='ocrx_word' id='word_1_158' title='bbox 999 3054 1055 3114; x_wconf 89' lang='lat' dir='ltr'><strong>im·</strong></span> 
     </span>
     <span class='ocr_line' id='line_1_26' title="bbox 153 3151 1055 3235; baseline -0.008 -17"><span class='ocrx_word' id='word_1_159' title='bbox 153 3151 311 3235; x_wconf 78' lang='lat' dir='ltr'><strong>ploravit:</strong></span> <span class='ocrx_word' id='word_1_160' title='bbox 348 3157 476 3235; x_wconf 86' lang='lat' dir='ltr'><strong>‘Magne</strong></span> <span class='ocrx_word' id='word_1_161' title='bbox 501 3178 563 3233; x_wconf 86' lang='lat' dir='ltr'><strong>rex,</strong></span> <span class='ocrx_word' id='word_1_162' title='bbox 590 3177 680 3235; x_wconf 85' lang='lat' dir='ltr'><strong>parce</strong></span> <span class='ocrx_word' id='word_1_163' title='bbox 704 3157 805 3231; x_wconf 85' lang='lat' dir='ltr'><strong>mihi3</strong></span> <span class='ocrx_word' id='word_1_164' title='bbox 840 3155 1055 3232; x_wconf 89' lang='lat' dir='ltr'><strong>imprudenter</strong></span> 
     </span>
     <span class='ocr_line' id='line_1_27' title="bbox 154 3247 1054 3335; baseline -0.006 -19"><span class='ocrx_word' id='word_1_165' title='bbox 154 3256 238 3316; x_wconf 87' lang='lat' dir='ltr'><strong>enim</strong></span> <span class='ocrx_word' id='word_1_166' title='bbox 279 3257 344 3335; x_wconf 84' lang='lat' dir='ltr'><strong>egi’</strong></span> <span class='ocrx_word' id='word_1_167' title='bbox 406 3257 470 3317; x_wconf 89' lang='lat' dir='ltr'><strong>Leo</strong></span> <span class='ocrx_word' id='word_1_168' title='bbox 505 3257 728 3334; x_wconf 81' lang='lat' dir='ltr'><strong>magnanimus</strong></span> <span class='ocrx_word' id='word_1_169' title='bbox 765 3247 899 3332; x_wconf 64' lang='lat' dir='ltr'><strong>parvum</strong></span> <span class='ocrx_word' id='word_1_170' title='bbox 937 3250 1054 3311; x_wconf 85' lang='lat' dir='ltr'><strong>animal</strong></span> 
     </span>
    </p>
   </div>
   <div class='ocr_carea' id='block_1_8' title="bbox 0 0 1210 3642">
    <p class='ocr_par' dir='ltr' id='par_1_8' title="bbox 0 0 1210 3642">
     <span class='ocr_line' id='line_1_28' title="bbox 0 0 1210 3642; baseline 0 1"><span class='ocrx_word' id='word_1_171' title='bbox 0 0 1210 3642; x_wconf 95' lang='lat' dir='ltr'><strong> </strong></span> 
     </span>
    </p>
   </div>
  </div>
 </body>
</html>
