2409 3642
843 213 1152 267 SCALAE
1212 213 1518 268 PRIMAE
1998 221 2085 290 47

509 463 744 526 LXXI.
809 465 950 524 THE
995 464 1201 526 F'ssocs
1244 484 1375 526 Am>
1418 485 1616 526 'mmss
1660 465 1852 526 Κηϊα.

361 595 685 656 Plurimae
727 616 911 656 ranae
955 591 1271 673 q'uondam
1315 598 1383 658 in
1433 600 1656 675 stagno
1698 595 2086 670 habitabant,

279 693 391 754 ubi
438 694 715 754 multum
772 694 896 754 cibi
948 694 1235 755 invenire
1287 699 1590 774 poterant.
1684 695 1861 756 Nihil
1915 695 2088 755 aliud

279 790 479 850 facere
528 791 812 852 solebant
883 793 1010 852 nisi
1066 793 1462 871 voluptatem
1528 812 1756 871 capere.
1877 793 2090 854 Huius

279 892 494 950 ssamen
551 889 717 950 vitae
773 911 882 951 eos
938 891 1241 967 taedebat,
1296 895 1485 972 atque
1543 892 1711 954 inter
1772 912 1839 953 se
1888 891 2091 953 multa

281 987 697 1065 disputabant.
818 989 947 1049 Nec
1017 1010 1207 1057 mora,
1284 991 1495 1052 iunior
1564 993 1865 1070 quaedam
1938 1010 2089 1051 rana
2120 1007 2144 1054 5

282 2532 527 2611 inquit:
577 2534 591 2563 ⁴
610 2529 736 2592 Cur
764 2529 1016 2591 nullum
1046 2549 1162 2618 noe
1192 2550 1401 2608 regem
1431 2530 1735 2592 habemus
1754 2533 1786 2592 ἱ)
1805 2532 1818 2557 ’
1864 2531 2087 2611 Itaque

282 2631 500 2693 Iovem
516 2629 751 2708 precati
769 2631 917 2690 sunt
934 2635 997 2690 et
1015 2649 1227 2708 regem
1245 2631 1734 2708 postulaverunt.
1799 2630 2088 2710 Iuppiter

281 2732 495 2791 autem
523 2730 591 2789 in
619 2732 913 2806 stagnum
942 2727 1292 2788 maximum
1315 2729 1564 2806 lignum
1588 2728 1826 2791 deiecit.
1907 2732 1921 2761 ⁴
1944 2732 2086 2806 En,'

281 2831 386 2904 ait,
433 2830 567 2889 ‘hic
594 2848 702 2889 rex
739 2832 920 2907 aptus
948 2828 1127 2890 vobis
1152 2828 1312 2890 erit?
1381 2828 1620 2889 Deinde
1651 2848 1760 2888 rex
1790 2829 2085 2892 omnibus

280 2928 487 3007 primo
514 2928 672 2989 bene
695 2925 971 3006 placuit3
1012 2928 1119 2988 sed
1158 2930 1370 3004 postea
1399 2947 1504 2988 eos
1543 2928 1793 3005 tyranni
1824 2928 2077 3005 taeduiss,
2118 2951 2179 2988 10

281 3047 469 3108 quem
522 3026 835 3088 transilire
891 3028 1151 3104 impune
1197 3028 1557 3104 potuerunt.
1648 3028 1812 3088 Tum
1864 3028 2084 3088 Iovem

281 3127 552 3188 alterum
567 3146 780 3206 regem
800 3128 1177 3204 rogaverunt
1199 3147 1215 3200 ;
1249 3127 1400 3186 tunc
1421 3128 1631 3186 autem
1653 3126 1761 3185 ifle
1783 3125 2087 3186 ciconiam

284 3225 557 3288 demisit.
621 3246 779 3305 quae
838 3244 1057 3286 omnes
1112 3243 1298 3286 ranas
1355 3224 1533 3286 edere
1599 3224 1815 3300 coepit.
1925 3223 2088 3283 Tum
