2409 3642
177 250 221 298 22
460 243 615 299 SCALAE
646 244 799 298 PRIMAE

194 419 222 462 2.
247 401 299 461 Ibi
322 402 485 479 Leonidas,
512 403 575 463 dux
598 404 797 479 Graecorum,
826 404 934 465 hostes
959 425 1079 483 exspeo
1176 432 1197 457 υ

1194 464 1198 547 l

298 500 392 563 tabat.

194 617 221 678 3.
246 601 353 661 Graeci
368 601 452 660 hunc
466 601 583 661 saltum
595 620 709 678 magna
724 621 795 662 eum
808 622 863 679 spe
874 602 1074 681 occupabant.
1094 573 1103 590 ⁹
1176 647 1180 655 ,

193 718 222 776 4.
246 699 306 760 sed
330 698 463 760 alterum
485 700 545 760 iter
566 719 622 777 per
644 704 770 761 montes
795 700 896 760 multo
921 701 1078 761 difficilius

296 801 370 858 erat.

194 913 221 976 5.
247 897 317 957 Hoc
331 897 392 957 iter
406 917 528 974 quoque
542 897 698 958 Leonidas
712 918 784 958 cum
799 897 907 975 paucis
921 896 1078 957 militibus

298 995 443 1057 defendit.

193 1096 225 1157 6.
247 1095 328 1155 Tum
337 1093 450 1156 Persae
458 1094 575 1155 multos
587 1095 725 1174 impetus
735 1096 770 1156 in
782 1097 915 1156 Graecos
925 1096 1077 1156 fecerunt.

196 1212 221 1272 7.
245 1196 291 1254 At
305 1213 420 1273 magno
435 1215 507 1255 cum
522 1195 711 1256 detrimento
727 1215 850 1272 semper
860 1194 976 1272 repulsi
991 1196 1073 1253 sunt.

194 1293 222 1353 8.
246 1293 335 1354 Forte
362 1294 468 1354 aderat
492 1295 627 1355 Graecus
655 1294 792 1372 quidam,
821 1293 875 1371 qui
903 1293 941 1353 ad
965 1292 1077 1352 Persas

296 1392 427 1471 fugerat.

193 1512 225 1568 9.
246 1491 327 1552 Tum
342 1491 396 1551 ille
409 1492 544 1552 alterum
559 1492 620 1553 iter
634 1514 690 1570 per
704 1494 827 1552 montes
842 1491 949 1551 Persis
963 1491 1072 1568 aperit.

176 1609 222 1652 10.
248 1591 361 1668 Itaque
392 1591 506 1652 Persae
538 1613 557 1652 a
591 1597 678 1669 tergo
714 1593 848 1653 Graecos
878 1591 1077 1668 inopinantes

295 1687 486 1751 adoriuntur.

295 1945 398 2007 XXX.
443 1945 514 2005 Tua
534 1946 663 2007 (lunens
684 1966 747 2006 aaa
768 1966 828 2007 aaa
849 1965 952 2006 snam.

196 2095 221 2139 1.
245 2078 326 2137 Tum
341 2097 414 2138 vero
430 2097 448 2138 a
462 2078 588 2139 Graecis
602 2078 751 2137 acerrime
765 2080 940 2156 pugnatum
954 2081 1010 2140 cst.

192 2195 222 2236 2.
244 2176 408 2236 Postremo
423 2180 530 2237 tamen
545 2177 637 2254 pauci
650 2177 770 2237 milites
782 2177 888 2255 fugere
898 2181 1060 2254 eoguntur.

192 2294 220 2354 3.
245 2276 403 2335 Numerus
415 2275 619 2336 barbarorum
634 2275 694 2335 fuit
709 2275 816 2336 decem
831 2275 966 2339 milium.

192 2393 220 2452 4.
245 2374 390 2434 Trecenti
404 2375 498 2434 modo
513 2374 633 2435 milites
647 2395 719 2435 eum
733 2375 873 2435 Leonida
889 2375 1026 2436 aderant.

192 2491 221 2552 5.
245 2472 306 2535 seo
321 2472 375 2532 diu
390 2475 482 2550 atque
497 2472 607 2534 aeriter
622 2474 661 2535 ab
674 2473 725 2534 his
739 2477 913 2554 pugnatum
929 2479 985 2536 est.

191 2574 218 2634 6.
243 2572 576 2634 Leonidasfortissime
587 2592 733 2652 pugnans
744 2576 816 2633 ante
826 2574 963 2651 primam
974 2573 1073 2634 aciem

294 2670 411 2732 cecidit.

193 2788 218 2848 7.
243 2770 359 2831 Ceteris
381 2770 537 2831 militibus
558 2791 615 2830 nec
632 2771 694 2832 iam
717 2790 803 2831 arma
822 2792 878 2831 nec
899 2773 983 2832 vires
1005 2791 1073 2849 sup

291 2869 449 2947 petebant.

190 2969 219 3029 8.
243 2969 356 3046 Itaque
370 2969 408 3030 ad
424 2970 606 3046 proximum
621 2969 781 3029 tumulum
794 2989 903 3029 omnes
914 2969 1069 3031 recedunt.

191 3087 219 3144 9.
245 3069 315 3128 Hoc
327 3068 361 3128 in
370 3068 438 3128 loco
447 3068 577 3145 paulum
589 3069 730 3128 hostium
740 3069 894 3145 impetum
905 3069 1072 3129 sustinent.
1196 3126 1198 3141 ,

172 3183 216 3226 10.
241 3165 301 3227 sed
318 3168 445 3228 tandem
457 3169 664 3229 circumventi
675 3171 750 3229 sunt
760 3171 792 3227 et
802 3186 912 3228 omnes
923 3168 961 3226 ad
973 3187 1072 3227 unum

290 3266 459 3341 perierunt.
