2409 3642
395 229 547 284 scarae
579 224 732 282 paruae
971 225 1011 293 13

109 1467 215 1528 XVII.
247 1470 276 1528 A
297 1467 402 1528 Fruar
423 1487 573 1529 narwran
594 1487 615 1527 a
637 1468 754 1528 Reunu
776 1486 841 1527 uun
862 1486 884 1527 Α
905 1469 1006 1529 Gaea.

131 1620 155 1663 1.
179 1602 329 1679 Ingentes
341 1601 444 1678 copiae
457 1600 619 1661 Gallorum
631 1601 763 1660 Romam
775 1602 1006 1678 oppugnabant.

127 1716 155 1762 2.
180 1701 245 1761 Nee
259 1700 368 1778 procul
384 1700 423 1759 ab
437 1700 582 1760 hostibus
602 1698 712 1759 consul
728 1700 890 1759 Romanus
908 1705 1009 1761 caetra

230 1800 341 1876 posuit

126 1917 155 1977 3.
181 1899 263 1959 Tum
284 1897 393 1959 Gallus
414 1897 551 1975 quidam,
572 1897 731 1958 maximus
751 1901 844 1974 atque
865 1898 1006 1976 insignia,

229 1997 374 2073 precedit.

125 2115 154 2175 4
179 2096 250 2171 Hie,
268 2099 393 2158 sentum
408 2096 552 2173 quatiens
566 2096 665 2170 hasta,
683 2095 845 2156 silentium
860 2096 940 2157 faeit.

126 2213 154 2274 5.
179 2196 262 2256 Tum
290 2217 345 2273 per
374 2197 575 2270 interpretem
604 2195 756 2255 Romanis
783 2195 938 2255 militibus
966 2196 1008 2256 ita

227 2296 353 2373 inquit:

124 2397 153 2454 6.
179 2395 277 2455 ‘Oum
291 2415 354 2453 uno
369 2414 406 2453 ex
421 2394 572 2456 Romanis
586 2395 669 2453 ferro
684 2396 847 2454 decernere
860 2394 953 2456 vale.'

125 2513 151 2571 7.
177 2493 286 2552 Primo
300 2491 447 2552 tribunus
460 2492 608 2568 militum,
627 2494 755 2552 nomine
768 2494 923 2567 Valerius,
941 2514 1008 2553 eou-

226 2591 328 2651 sulem
344 2590 487 2651 consulu.
553 2606 555 2610 ⁴

121 2690 150 2750 8.
176 2689 297 2749 Deinde
310 2689 344 2748 in
359 2689 498 2748 medium
513 2692 653 2749 armatus
666 2688 813 2765 precedit.

121 2809 151 2866 9.
177 2789 259 2848 Tum
273 2788 306 2847 in
321 2787 464 2846 omnium
476 2790 641 2863 conspeetu
654 2808 704 2845 res
718 2787 871 2848 mirabilis
886 2789 1004 2849 accidit.

211 3012 335 3076 XVIII.
380 3014 411 3073 A
433 3013 545 3072 Ravru
567 3032 666 3072 naurs
688 3032 751 3071 rua
773 3013 897 3074 Ronuu.

124 3166 151 3207 1.
176 3146 286 3206 Gallus
301 3149 332 3205 et
346 3146 507 3205 Romanus
522 3147 586 3204 iam
601 3164 714 3203 manus
729 3145 940 3206 conserebant.

120 3265 150 3305 2.
177 3245 287 3305 Subito
296 3264 408 3304 cervus
420 3243 545 3303 advolat
553 3246 585 3301 et
595 3244 629 3301 in
639 3243 726 3318 galea
736 3243 870 3302 Romani
881 3243 1004 3302 insidet.
