2409 3642
140 226 184 292 42
422 219 574 273 sennen
606 219 758 272 ruurAr

366 479 487 542 LXIII.
518 481 589 541 Tun
610 479 706 540 W1sn
728 482 814 542 Own.

182 615 265 675 ‘Hei
285 616 366 676 mihi
378 614 403 677 i'
417 616 522 693 inquit
536 615 642 676 vetulo
662 617 784 690 noctua,
802 635 880 693 quae
899 614 935 676 in
954 634 1041 677 ramo

139 714 258 775 arboris
272 714 371 775 celsae
385 714 519 775 sedebat.
554 715 673 789 ‘Quam
685 714 776 776 stulti
787 715 933 775 hominos
944 717 1020 775 sunt
1033 717 1041 777 1

139 815 240 875 Nemo
267 817 390 891 praedor
417 834 467 874 me
494 813 618 890 sapiens
644 833 713 874 esse
745 814 877 875 videtur.
923 814 1042 874 Omnes

139 914 225 973 onim
252 913 287 972 in
315 912 378 973 sole
405 913 488 973 foras
516 912 600 971 exiro
627 912 729 973 soloni
757 908 858 990 noque
884 914 949 973 sole
974 916 1041 973 orto

108 1028 122 1079 5
139 1008 274 1071 dormire
288 1012 428 1087 cupiunt.
472 1011 552 1069 Mihi
568 1012 674 1070 autem
688 1011 748 1070 hoo
763 1011 882 1071 mirum
896 1010 1040 1072 videtur:

138 1127 224 1168 meas
237 1110 321 1168 enim
336 1128 429 1170 vooes
442 1112 536 1169 nootu
553 1109 659 1169 audire
673 1112 815 1186 possunt.
861 1109 969 1187 Neque
983 1129 1041 1186 ego

138 1206 223 1266 exiro
241 1207 362 1283 vellem,
383 1207 445 1266 nisi
465 1228 526 1267 nox
546 1211 672 1285 tompus
691 1208 848 1284 optimum
865 1206 1041 1284 prodeundi

138 1309 228 1367 esset.
273 1305 437 1367 Praeterea
470 1306 577 1366 nullos
614 1326 721 1366 mures
755 1306 895 1366 interdiu
931 1325 1041 1382 capere

139 1423 275 1480 possum.
322 1404 404 1480 Quid
425 1405 511 1465 enim
530 1405 677 1465 homines
692 1404 761 1465 sine
779 1404 923 1465 muribus
940 1405 1040 1465 fauere

98 1527 127 1562 10
139 1506 312 1580 possunt?

272 1748 386 1810 LXIV.
418 1750 489 1809 Tun
509 1748 603 1809 Wrsn
624 1750 702 1810 Own
722 1747 911 1826 (continued).

183 1882 274 1942 ‘Mus
297 1885 403 1943 autem
427 1883 555 1960 pinguis
579 1886 612 1943 et
636 1886 724 1943 tener
748 1884 782 1942 in
805 1883 861 1943 illo
886 1903 960 1960 agro
982 1886 1037 1945 ost.

139 1980 210 2042 Hao
223 1984 313 2042 nocto
327 2002 400 2041 eum
413 1981 504 2041 edere
518 1981 553 2040 in
573 1981 680 2041 animo
694 2002 765 2041 meo
780 1983 836 2042 est.
880 1982 941 2042 Ille
955 1982 1041 2063 enim

139 2080 174 2139 in
192 2080 330 2141 tenebris
351 2100 403 2140 me
424 2100 547 2140 eernere
571 2100 635 2140 non
657 2081 790 2156 poterit!
832 2081 904 2141 Mus
923 2084 1039 2157 autom,

140 2179 194 2257 qui
203 2178 287 2238 haud
298 2178 406 2255 prooul
416 2178 529 2254 aberat,
541 2178 599 2239 has
611 2198 702 2239 voces
710 2179 840 2241 audivit.
878 2180 1041 2255 ‘Scilicet,'

112 2300 126 2352 5
140 2277 255 2355 inquit,
273 2279 362 2337 ‘anto
376 2277 501 2336 nootom
514 2297 572 2353 ogo
586 2277 620 2336 in
633 2296 724 2354 agros
743 2278 870 2354 prodibo
885 2280 916 2338 oi
935 2277 1041 2338 cibum
1126 2348 1129 2357 1

140 2377 308 2455 quaeram.’
363 2376 474 2454 Itaque
501 2378 615 2437 nooiuo
637 2396 750 2437 oenum
778 2377 925 2453 perdidit.
978 2378 1042 2438 Our

140 2480 246 2537 autem
271 2478 383 2536 noctua
407 2478 473 2535 tam
499 2475 623 2552 sapiens
648 2495 771 2553 semper
794 2475 954 2536 habetur?
995 2475 1041 2536 Ut

140 2576 227 2637 enim
242 2596 297 2654 ego
311 2575 430 2652 opinor,
447 2593 562 2652 magna
575 2595 647 2635 oum
663 2595 736 2636 vooe
755 2574 842 2653 loqui
861 2595 924 2635 non
939 2574 1038 2635 debet.

284 2826 380 2888 LXV.
408 2826 479 2886 Tun
500 2825 602 2886 Wonr
623 2844 688 2886 nun
709 2845 772 2885 run
795 2826 896 2887 Leno.

246 2960 420 3015 ‘Forgivoneos
434 2963 461 3003 to
476 2960 521 3003 tho
536 2957 638 3013 injured
653 2958 714 3002 <loth
730 2957 833 3014 belong;

259 3020 327 3074 They
342 3033 418 3065 novor
432 3020 529 3074 pordon
544 3017 601 3062 who
616 3017 758 3062 hovedeno
774 3017 819 3062 the
834 3019 935 3074 wrong.¹

182 3136 291 3209 Lupus
311 3135 343 3191 et
362 3152 462 3209 ugnus
479 3132 531 3193 siti
550 3151 664 3208 magno
682 3130 836 3208 oompulsi
852 3131 892 3192 ad
907 3130 1041 3191 eundem

142 3230 245 3293 rivum
266 3233 423 3292 venerant.
470 3232 570 3310 Supra
593 3230 694 3306 lupus„
722 3229 814 3309 longe
838 3230 921 3289 infra
941 3248 1042 3306 agnus
