2409 3642
174 217 219 264 20
456 211 612 267 SCALAE
641 210 794 265 PRIMAF.

191 371 221 431 3.
245 353 375 414 Bellum
405 353 503 431 igitur
532 352 783 415 Atheniensibus
814 352 930 414 iterum
960 353 1074 414 inferre

295 452 467 514 constituit.

193 570 221 629 4.
246 553 367 612 Dareus
381 555 487 612 autem
502 572 565 613 non
579 552 681 613 multo
695 555 767 629 post
782 554 926 613 mortuus
940 554 997 612 est

192 667 220 728 5.
246 651 323 712 Post
336 651 403 711 eius
417 654 552 712 mortem
566 653 687 712 Xerxes
701 651 786 710 filius
805 670 901 728 regno
916 649 1071 710 suecessit.

191 750 223 810 6.
245 750 308 811 Hie
332 751 443 828 quinte
472 770 555 810 anno
582 749 674 828 regni
702 749 851 810 maximis
878 768 951 809 eum
978 748 1075 825 copiis

237 919 240 929 ¹
293 850 506 927 proficiscitur.

194 968 220 1026 7.
245 950 331 1009 Pons
344 950 378 1009 in
393 948 602 1027 Hellesponto
617 949 751 1010 navibus
765 948 880 1009 iunctis
893 950 993 1008 faetus
1006 948 1061 1006 est.

191 1048 219 1109 8.
243 1049 316 1109 Mox
331 1069 440 1110 omnes
452 1050 556 1127 copiae
568 1049 816 1126 Hellespontum
826 1047 959 1108 transire
974 1065 1075 1123 eoepe-

293 1151 376 1208 runt.

191 1265 219 1323 9.
245 1247 372 1324 Septem
396 1246 462 1308 dies
487 1250 656 1326 noctesque
680 1247 800 1308 milites
821 1248 951 1323 pontem
979 1246 1075 1304 trans·

294 1346 488 1424 grediuntur.

174 1463 219 1506 10.
243 1445 326 1506 Tum
351 1445 480 1507 demum
503 1445 622 1507 Xerxes
646 1443 839 1507 novissimus
863 1445 897 1504 in
916 1444 1075 1521 Europam

293 1544 416 1606 transit.

216 1805 375 1867 XXVIII.
417 1804 488 1866 Tun
510 1806 640 1866 Gnarus
662 1824 786 1864 narare
807 1802 975 1863 runPass
996 1819 1034 1861 or

496 1912 747 2002 Tnnnnorrnun.

323 2044 425 2101 ‘Earth,
441 2045 533 2090 render
547 2043 612 2089 baek
627 2044 692 2087 from
707 2044 751 2086 out
765 2040 813 2094 thy
827 2041 910 2085 breast

364 2105 386 2148 A
401 2106 520 2149 remnant
535 2104 563 2147 of
575 2117 621 2147 our
637 2104 746 2157 Spartan
762 2101 832 2145 dead.

334 2164 368 2209 Of
380 2165 425 2209 the
440 2164 512 2208 three
527 2162 644 2206 hundred
659 2163 736 2217 grant
750 2161 797 2204 but
811 2160 883 2204 three

362 2225 397 2268 Το
413 2224 487 2269 make
503 2236 519 2267 a
533 2235 589 2267 new
604 2220 933 2275 Thermopylaet'—Brnor.

162 2325 168 2335 ⁵
193 2355 219 2395 1.
242 2336 282 2396 In
296 2336 408 2394 itinere
423 2334 562 2394 maxima
577 2333 683 2410 iuopia
697 2353 794 2410 aquae
810 2352 901 2409 saepe
916 2334 989 2392 erat.
1027 2350 1031 2358 ·

189 2455 218 2496 2.
244 2436 414 2515 Nunquam
429 2437 536 2494 tamen
551 2432 658 2510 inopia
672 2432 733 2493 eibi
748 2432 960 2509 frumentique
975 2430 1044 2490 fuit.

190 2554 218 2613 3.
243 2534 362 2595 Deinde
387 2553 500 2612 magna
524 2531 718 2611 perturbatio
737 2531 821 2609 apud
836 2534 971 2592 Graecos
993 2530 1075 2590 faeta

292 2636 349 2694 est.

190 2752 220 2811 4.
242 2707 387 2794 Trecenti
410 2733 529 2794 milites
550 2731 668 2794 saltum
686 2728 972 2807 Thermopylarum
991 2747 1075 2788 ooou·

314 2835 378 2893 ant.

190 2949 217 3010 5.
244 2854 313 2990 HitJ
323 2932 433 2993 Graeci
450 2933 562 2992 Persas
577 2929 714 2991 transitu
728 2927 894 3006 prohibere
908 2930 1070 2987 conantur.

189 3032 218 3092 6.
242 3031 349 3109 Neque
372 3031 474 3092 multo
493 3032 565 3108 post
586 3029 726 3092 hostium
747 3027 857 3089 elassis
878 3026 912 3087 in
933 3046 1074 3104 eonspee·

291 3133 360 3191 tum
382 3130 477 3191 venit.

191 3246 218 3306 7.
243 3229 353 3290 Subito
369 3232 475 3289 autem
491 3248 605 3306 magna
621 3229 792 3305 tempestas
806 3227 910 3287 coorta
924 3227 981 3287 est.
