2409 3642
139 200 183 267 44
423 188 581 265 sorren
612 187 765 242 pnrnrn

291 400 404 461 LXVI.
437 399 583 460 Ivsrrnor
605 417 714 459 Anovo
734 398 892 458 Annius,

181 551 322 613 Medicus
350 552 478 629 quidam
507 551 541 611 in
569 549 651 610 lecto
681 570 737 609 suo
768 548 888 609 iacebat
918 549 949 608 et
977 567 1044 607 rem

140 651 255 711 miram
290 651 471 712 huiusmodi
506 649 596 711 vidit.
653 648 724 708 Mus
752 647 853 724 primo
889 647 1042 722 apparuit,

141 750 195 827 qui
223 751 328 811 omnia
357 770 471 827 magna
495 768 567 808 cum
596 766 670 807 cura
696 745 905 823 investigavit,
932 744 1044 805 deinde

141 849 226 910 abiit.
271 850 344 909 Mox
365 848 501 908 alterurn
522 867 647 907 murem
670 847 787 905 ducens
807 863 964 923 regressus
985 847 1040 904 est.

112 949 238 1013 5Hunc
258 967 354 1024 prope
375 966 486 1007 cavum
508 944 643 1023 reliquit.
688 945 785 1004 Brevi
805 947 947 1021 tompore
971 962 1044 1019 inus

140 1047 253 1106 tertius
266 1047 305 1107 ad
320 1046 455 1106 eundem
470 1044 575 1105 locum
589 1043 686 1105 venit.
732 1043 815 1103 Tum
833 1042 1044 1120 frustnpanis
1110 1043 1113 1047 “

141 1144 284 1221 colligere
309 1145 485 1221 coeperunt,
512 1164 590 1220 quae
616 1142 751 1203 secundo
775 1142 858 1201 muri
881 1142 1042 1202 dederunt.
1121 1167 1126 1177 ·

141 1244 175 1303 Is
189 1245 294 1303 autem
310 1263 417 1303 caecus
434 1262 500 1303 esse
517 1241 683 1303 videbatur
702 1244 734 1301 et
754 1241 787 1299 in
806 1241 881 1317 loco,
898 1240 954 1300 ubi
970 1261 1043 1300 eum

141 1340 344 1419 reliquerant,
372 1341 553 1420 permansit.
595 1341 670 1401 Mox
693 1341 804 1413 cibum,
832 1360 926 1417 quem
950 1340 1042 1399 amici

99 1460 129 1494 10
141 1432 318 1515 ¹attulerant,
337 1439 388 1499 hic
403 1440 525 1500 voravit
536 1442 567 1498 et
582 1442 690 1515 postea
699 1440 764 1497 tres
773 1437 897 1497 socii'nd
908 1437 1043 1498 latebrae

142 1538 309 1598 redierunt.

248 1769 249 1774 ’
355 1759 489 1822 LXVII.
520 1762 572 1819 An
594 1760 827 1830 Ernrnonrxn.

180 1908 327 1986 Agricola
337 1910 464 1987 quidam
479 1909 514 1968 in
526 1928 596 1969 caso
610 1929 705 1986 parva
718 1908 903 1970 dormiebat.
938 1908 1041 1983 Canio,

141 2009 194 2085 qui
209 2009 409 2069 fidelissimus
424 2012 498 2084 erat,
513 2008 679 2068 dominum
695 2007 896 2069 cristodiebat.
932 2008 1042 2069 Subito

139 2110 222 2168 muri
247 2111 389 2168 tremunt
410 2112 442 2168 et
466 2108 586 2185 lapides
613 2130 630 2168 e
653 2109 734 2167 tecto
758 2109 881 2169 cadunt.
927 2093 1042 2168 Statim

140 2207 224 2265 cenis
235 2207 411 2283 periculum
422 2207 585 2283 intellegit
617 2207 791 2267 Dominum
803 2206 898 2283 igitur
909 2208 1043 2267 excitare

110 2308 276 2377 5conatur.
328 2306 439 2382 Itnque
472 2305 675 2366 vehementer
709 2306 811 2366 latrat.
863 2306 946 2365 Tum
980 2307 1042 2364 huc

139 2407 232 2482 atquc
256 2403 332 2463 illuc
357 2423 480 2463 currere
505 2405 614 2481 coepit.
660 2405 730 2464 Hoc
753 2407 859 2465 autem
880 2406 1042 2465 nonsatis

139 2505 193 2564 est
238 2502 359 2562 Deinde
379 2502 513 2580 digitum
535 2503 656 2562 domini
674 2502 787 2562 leniter
803 2504 933 2564 mordet.
979 2504 1041 2562 Ex·

139 2601 257 2676 templo
276 2601 410 2679 agricola
429 2600 570 2661 celeriter
590 2622 607 2660 e
626 2602 706 2661 lecto
725 2602 833 2679 surgit.
878 2601 941 2661 Vix
953 2605 1041 2679 porto

139 2700 267 2774 exierat,
279 2720 350 2759 cum
365 2701 432 2759 tcta
443 2698 554 2759 domus
568 2700 607 2758 ad
618 2703 734 2759 terrem
750 2700 892 2762 concidit.
937 2701 1038 2777 Canio,

95 2825 125 2858 10
140 2799 195 2875 qui
211 2798 375 2857 dominum
390 2798 582 2876 sequebatur,
600 2796 704 2875 lapide
717 2799 847 2859 cedente
860 2799 964 2860 laesus
982 2803 1038 2861 ost.

139 2897 199 2959 Sed
225 2896 361 2973 agricola
384 2918 456 2957 eum
487 2918 599 2975 magna
631 2918 703 2956 cum
730 2917 802 2958 euro
830 2899 922 2961 fovet.
968 2899 1041 2958 Mox

138 2996 223 3056 canis
259 2998 388 3055 sanatur
426 2996 550 3056 vulrruS.
603 2997 716 3056 Postea
752 3000 858 3056 aulem
894 2997 1042 3075 dominus

137 3095 246 3153 amicis
275 3093 340 3152 suis
368 3112 492 3169 semper
519 3093 641 3170 inquit:
679 3093 781 3154 ‘Huic
812 3094 899 3155 fideli
932 3096 1041 3155 comiti

137 3192 236 3251 vitoni
258 3209 360 3249 meam
382 3190 498 3250 debeo’
