2409 3642
140 234 184 302 54
422 227 576 282 sennar
607 226 762 280 rumen

111 388 124 439 5
139 367 267 443 dimisit,
285 368 397 445 quode
412 371 580 446 conspectu
591 369 672 447 regis
683 367 857 428 bestiarum
871 365 1046 429 laetissime

139 468 270 543 aufugit.
316 466 415 527 Paule
443 469 515 544 post
543 467 600 543 le0‚
625 487 698 528 eum
727 466 761 525 in
787 467 866 526 retia
890 466 1045 544 quaedam

139 565 309 641 incidisset,
333 566 535 628 vehementer
556 566 706 644 rugiebat.
752 566 950 644 Quamquam
971 585 1045 625 mus

139 666 247 744 procul
276 664 391 743 aberat,
422 667 523 728 leonis
550 685 668 742 vocem,
698 686 716 725 a
749 686 811 743 quo
844 685 945 742 nuper
976 666 1045 724 tam

139 765 274 843 benigne
302 763 431 825 habitus
458 768 533 840 erat,
565 765 645 826 bene
674 765 829 842 cognovit.
894 763 1045 826 Celeriter

96 891 126 927 10
140 884 311 939 accurrens,
338 884 411 925 mue
436 863 512 925 retis
535 866 675 925 maculas
701 862 850 924 dentibus
875 862 941 923 suis
966 862 1044 924 rosit

140 967 171 1025 et
192 964 317 1024 leonem
337 962 490 1024 liberavit.
546 962 717 1042 Nunquam
742 962 828 1024 enim
853 961 1044 1023 beneficium

141 1063 269 1125 irritum
290 1065 344 1124 eet.

277 1270 456 1332 LXXXIV.
488 1272 558 1332 Tur
581 1271 899 1335 sicutnumerus.

182 1409 340 1485 Claudius,
357 1409 408 1469 vir
422 1409 540 1470 stultus
553 1411 585 1469 et
605 1410 796 1485 temerarius,
815 1410 926 1471 eensul
943 1409 1045 1471 faetus

27 1494 34 1510 ⁶
140 1510 189 1569 eet
202 1511 297 1587 atque
312 1507 347 1567 in
362 1508 485 1569 Poenos
500 1528 613 1586 magna
627 1529 700 1569 eum
710 1508 807 1569 elaeae
818 1509 974 1587 profectus
984 1511 1040 1571 est

66 1583 74 1627 ξ
141 1608 325 1669 Ceterorum
349 1607 465 1666 dueum
489 1606 620 1668 consilia
642 1628 732 1684 saepe
757 1608 911 1686 culpabat.
959 1607 1044 1687 ‘Ego

140 1706 280 1780 bellum,’
289 1705 403 1783 inquit,
416 1705 471 1766 ‘ad
482 1707 580 1766 finem
593 1706 763 1783 perducam
777 1707 873 1767 simul
887 1727 922 1767 ae
937 1708 1044 1768 hostes
1102 1780 1104 1789 s

111 1828 125 1877 5
141 1805 269 1866 videro)
310 1805 379 1865 Mos
397 1807 465 1865 erat
483 1805 635 1866 Romania
655 1826 779 1884 semper
797 1810 870 1867 ante
888 1807 1044 1884 proelium

140 1904 301 1983 auspicari.
333 1904 403 1965 Hee
418 1907 526 1966 autem
539 1904 575 1965 in
584 1908 727 1982 tempere
738 1908 844 1967 eustos
854 1906 1044 1983 gallinarum

141 2023 298 2065 saetarum
323 2003 429 2064 emina
453 2005 536 2065 mala
564 2023 637 2066 eum
661 2004 713 2064 hie
737 2003 842 2066 verbis
866 2003 1043 2064 nuntiavit:

142 2101 302 2165 ‘Gallinae
323 2122 424 2181 neque
443 2124 460 2162 e
482 2106 585 2164 eaveie
599 2107 720 2164 exeunt
738 2123 840 2182 neque
854 2104 1044 2191 vescuntur!

140 2201 223 2262 Tum
245 2201 396 2263 Claudius
420 2201 527 2262 ridens
551 2201 677 2280 inquit:
703 2203 804 2281 ‘Ergo
828 2203 863 2263 in
887 2222 972 2264 mare
992 2221 1045 2263 eas

98 2325 128 2361 10
140 2299 289 2379 proicite;
319 2319 392 2360 eum
420 2300 511 2360 edere
538 2300 650 2378 nolint,
680 2302 794 2363 saltem
821 2300 927 2362 bibere
950 2301 1045 2363 lieet'

141 2401 240 2462 Paulo
259 2402 329 2477 pest
348 2399 485 2460 Romani
504 2401 641 2462 maxima
661 2401 748 2462 clade
760 2399 838 2462 viati
857 2403 953 2475 sunt3
974 2403 1044 2462 ecto

141 2500 230 2561 milia
240 2499 407 2561 hominum
421 2498 605 2574 interfecta3
621 2498 737 2577 viginti
752 2499 840 2559 milia
855 2501 945 2577 capta
958 2502 1042 2560 sunt.

140 2600 252 2677 Itaque
277 2597 426 2660 Claudius
449 2597 626 2659 temeritate
651 2618 708 2659 sua
731 2597 874 2676 perditus
898 2601 1044 2660 estete

141 2698 256 2777 populo
271 2697 444 2759 damnatus.

275 2906 437 2968 LXXXV.
464 2906 496 2967 A
517 2907 705 2967 Drerrmrr
725 2906 906 2968 Suu-meur.

180 3043 274 3102 Anne
285 3038 361 3100 belli
371 3037 487 3098 Punici
496 3038 647 3100 vicesimo
658 3038 751 3100 tertie
762 3039 869 3100 consul
882 3040 1042 3100 Romanus

139 3140 295 3216 prefectus
322 3143 371 3199 est
397 3157 470 3198 cum
494 3139 643 3199 trecentis
670 3138 803 3198 navibus
830 3138 863 3198 in
892 3134 1039 3200 Siciliam.

140 3240 238 3299 Poeni
273 3240 381 3299 centra
419 3237 524 3315 ipsum
558 3240 802 3317 quadringentae
841 3243 1039 3316 paraverunt.
