2409 3642
851 200 1155 258 SCALAE
1222 202 1528 261 PRIMAE
1997 218 2085 289 29

1365 324 1377 329 -
1413 324 1665 352 h-—Fffss'

355 1375 498 1438 Duo
532 1379 709 1455 pueri
745 1379 899 1439 olim
939 1383 1222 1457 tempore
1248 1401 1442 1441 verno
1478 1381 1610 1441 ruri
1646 1381 2072 1444 ambulabant.

274 1475 422 1535 Mox
469 1477 730 1538 domum
782 1482 1200 1540 revertuntur.
1293 1481 1480 1540 Pater
1536 1483 1750 1541 autem
1804 1481 2075 1542 alterum

271 1578 484 1652 rogat:
540 1577 694 1637 ‘Dic
737 1578 914 1639 mihi.
1007 1578 1174 1654 Quid
1219 1581 1288 1638 tu
1323 1578 1623 1640 vidisti‘?'
1713 1581 1879 1657 ‘Ego
1913 1580 2074 1640 nihil

268 1673 445 1750 vidi‚’
485 1676 806 1754 respondit
851 1676 974 1739 ille.
1073 1678 1189 1737 ‘Et
1239 1680 1352 1753 tu,’
1396 1681 1569 1755 pater
1607 1677 1789 1739 alteri
1829 1679 2073 1757 inquit:

278 1777 293 1805 ⁴
310 1773 477 1849 Quid
506 1778 578 1836 tu
600 1775 866 1838 vidisti?
887 1778 902 1802 ’
978 1778 993 1808 ‘
1012 1778 1136 1837 Res
1163 1777 1512 1854 permultas
1535 1797 1647 1855 ego
1670 1777 1840 1853 vidi,’
1862 1778 2073 1856 inquit
2100 1794 2127 1845 5

268 1872 405 1934 ille.
493 1875 832 1936 ‘Columba
868 1875 936 1935 in
970 1896 1223 1937 summa
1258 1897 1488 1954 quercu
1529 1876 1755 1937 nidum
1788 1876 2067 1937 faciebat.

269 1973 529 2034 Sciurus
559 1974 846 2035 arborem
875 1975 1265 2036 ascendebat.
1349 1975 1596 2036 ‘Ventus
1634 1978 1917 2036 mutatus
1955 1979 2066 2037 est.

270 2071 411 2133 Nisi
429 2072 630 2150 fallor,
659 2073 873 2134 nivem
894 2075 1068 2137 feret.
1137 2075 1305 2136 Haec
1323 2078 1385 2135 et
1402 2075 1606 2136 multa
1628 2075 1745 2136 alia
1766 2095 1879 2153 ego
1901 2076 2073 2140 vidi!

675 2207 991 2274 XXXIX.
1075 2210 1134 2269 A
1179 2209 1473 2271 Cmmmc
1516 2208 1663 2271 Fox.

349 2306 589 2386 Vulpes
619 2308 843 2369 callida
871 2308 940 2367 in
969 2308 1238 2368 fundum
1274 2309 1612 2387 quemdam
1652 2312 1841 2369 noctu
1875 2310 2065 2373 venit.

265 2407 369 2467 Ibi
398 2407 637 2468 multos
657 2408 864 2485 pullos
884 2411 949 2468 et
968 2408 1234 2485 gallinas
1258 2406 1594 2469 devoravit.
1671 2409 1835 2469 Tum
1859 2412 2073 2470 autem

159 2503 166 2510 “
265 2507 482 2567 eadem
503 2505 682 2582 rima,
713 2527 837 2584 qua
857 2507 1096 2584 inierat,
1126 2507 1356 2568 reverti
1381 2527 1508 2567 non
1529 2509 1789 2584 poterat.
1859 2508 2073 2568 Prima

264 2605 402 2665 luce
458 2605 725 2684 agricola
781 2607 1053 2667 fundum
1109 2606 1438 2666 circumire
1504 2605 1727 2682 coepit.
1838 2606 2072 2685 Multas

263 2705 544 2782 gallinaS,
599 2725 756 2783 quas
810 2709 991 2766 nocte
1045 2705 1250 2783 priore
1304 2706 1563 2780 viderat,
1619 2704 1885 2783 reperire
1942 2726 2070 2766 non
2097 2728 2125 2781 5

263 2806 484 2880 potest.
575 2804 721 2864 Mox
772 2808 988 2865 autem
1041 2804 1302 2882 vulpem
1356 2805 1613 2882 aspexit,
1676 2825 1833 2882 quae
1888 2804 2071 2865 humi

265 2902 447 2979 quasi
467 2907 718 2964 mortua
737 2905 991 2965 iacebat.
1068 2905 1291 2981 Itaque
1315 2905 1576 2964 caudam
1597 2903 1807 2981 vulpis
1836 2903 2069 2982 arripit.

264 3001 507 3061 Deinde
529 3002 763 3063 animal
785 3023 972 3080 super
991 3022 1252 3062 murum
1275 3001 1480 3062 deicit.
1569 3001 1811 3079 Vulpes
1832 3006 2061 3077 autem,

264 3100 458 3161 simul
502 3121 571 3160 ac
613 3101 885 3162 humum
926 3102 1151 3178 attigit,
1195 3101 1333 3161 sine
1376 3121 1553 3161 mora
1593 3101 1898 3177 prosiluit.
1983 3103 2066 3161 Et

262 3199 629 3278 priusquam
677 3200 945 3279 agricola
992 3220 1057 3262 se·
1109 3203 1441 3279 receperat,
1489 3199 1785 3261 callidum
1831 3199 2063 3260 animal
2098 3227 2158 3261 10

261 3301 331 3361 in
379 3302 589 3361 tutum
632 3301 940 3380 pervenit.
