2409 3642
161 200 206 268 26
443 213 609 268 scALAn
628 214 780 267 PRIMAE

179 374 206 432 9.
231 354 312 414 Tum
324 375 439 415 novem
449 374 548 416 annos
557 355 596 415 ab
606 355 876 433 utrisquebellum
886 356 1058 434 gerebatur.

161 471 207 514 10.
232 454 360 513 Decimo
384 457 490 515 autem
515 474 597 515 enno
620 455 731 516 Giseoi
755 457 1062 516 1·emoonfioe1eoo

280 556 405 614 nentur.

162 668 206 711 11.
231 651 292 710 Per
313 649 421 711 dolum
444 655 536 728 atque
559 650 692 712 insidias
714 651 827 729 oppido
849 653 945 729 potiri
968 653 1062 713 medi·

283 750 396 811 tantur.

355 925 505 987 XXXIV.
544 926 695 988 Ommm
716 946 755 987 on
775 928 872 988 'I'non

180 1085 205 1128 1.
229 1067 392 1146 Principes
405 1089 522 1146 equum
536 1068 678 1144 ligneum
692 1069 761 1129 fieri
777 1070 895 1131 iubent.

177 1185 205 1228 2.
230 1167 314 1228 Tum
337 1169 445 1228 Greeoi
470 1187 566 1229 naves
587 1167 745 1228 deducunt
769 1167 811 1228 et'
826 1188 859 1227 se
882 1168 915 1228 in
939 1169 1060 1230 oooulto

280 1269 449 1329 continent.

177 1384 205 1444 3.
230 1366 356 1427 Troiani
384 1370 483 1428 oestro
511 1366 550 1425 ab
580 1365 726 1427 hostibus
753 1386 850 1427 vaona
881 1367 987 1426 relicto
1018 1366 1061 1426 in·

280 1465 421 1526 veniunt.

177 1584 205 1642 4.
229 1564 349 1624 Deinde
358 1584 562 1641 equumnova
571 1566 665 1641 siquo
674 1565 824 1624 inusitata
832 1564 1056 1641 speeievident.

177 1681 205 1742 5.
228 1664 355 1740 Equum
370 1662 501 1722 funibus
520 1665 553 1722 et
572 1664 690 1724 eatenis
708 1664 884 1724 revinotum
905 1662 939 1721 in
958 1681 1059 1722 arcem

278 1760 419 1822 trahunt.

178 1861 205 1921 6.
230 1859 322 1919 Multi
338 1862 444 1919 autem
459 1861 570 1920 Greeoi
585 1863 712 1938 ineque
727 1862 816 1920 celati
831 1864 928 1923 erant.

180 1978 206 2038 7.
231 1959 366 2021 Silentio
392 1960 493 2020 noetis
518 1961 556 2020 ad
583 1963 696 2020 tenens
721 1963 810 2020 eante
833 1980 867 2019 ae
893 1959 1061 2036 diligenter

279 2058 481 2120 deseendunt.

177 2157 205 2218 8.
230 2157 346 2218 statim
374 2178 485 2218 omnes
514 2158 622 2235 oppidi
653 2162 759 2235 partes
792 2179 906 2238 magno
939 2162 1058 2237 impetu

280 2260 401 2335 petunt.

177 2375 206 2433 9.
230 2357 278 2415 Ao
305 2354 399 2433 poulo
424 2359 496 2434 post
523 2356 635 2433 reliqui
661 2357 771 2416 Graeci
795 2378 813 2417 e
841 2358 974 2418 novibus
998 2380 1061 2437 pei·-

280 2455 419 2517 veniunt.

160 2572 206 2614 10.
230 2554 356 2614 Troiani
368 2555 405 2614 de
421 2574 476 2615 suo
488 2555 588 2615 salute
601 2554 800 2631 desperantes
813 2573 899 2617 armo
910 2557 1057 2618 obiciunt.

161 2672 206 2716 11.
230 2653 312 2713 Tum
326 2654 465 2714 maximo
479 2655 585 2714 caedes
599 2654 711 2714 Troiae
727 2656 760 2713 in
774 2674 844 2714 aree
858 2655 940 2716 foeta
955 2659 1010 2718 esi.

161 2771 205 2814 12.
229 2753 296 2812 Rex
311 2752 379 2829 ipse
394 2753 524 2813 inermis
539 2754 573 2812 in
589 2753 708 2812 medios
722 2754 828 2813 hostes
843 2755 914 2814 ruit.

154 2836 205 2928 ¹13.
229 2850 280 2911 Ibi
296 2870 314 2911 a
328 2852 466 2927 Graecis,
479 2854 581 2913 furore
596 2851 777 2927 stimulatis,
795 2853 979 2912 interfectus
993 2858 1047 2914 est.

161 2969 206 3028 14
230 2949 351 3010 Deinde
367 2952 477 3013 Graeci
492 2950 629 3012 victores
644 2950 774 3012 domum
788 2955 993 3015 reverterunt.
