2409 3642
185 201 229 272 34
468 194 623 251 scanne
654 194 807 250 paruae

184 338 245 397 eibi
274 340 387 399 servat.
439 338 522 398 Tum
551 338 600 398 leo
629 339 754 415 inquit:
786 338 924 413 ‘Amica
956 355 1089 414 aequam

184 437 387 513 partitionem
421 436 544 496 fecisti’
588 436 733 511 “Eheu‚'
761 436 874 513 vulpes
903 434 1088 513 respondet:

187 537 243 595 ‘ex
265 536 329 596 fato
350 535 434 595 asini
456 534 581 613 sapiens
603 554 669 595 esse
692 534 802 595 disco'

338 728 453 821 XLVI.
484 729 555 810 Tne
575 727 669 788 Baua
688 747 755 787 ano
775 746 839 787 rna
860 727 935 788 Fox.

226 883 329 944 Ursus
350 882 508 960 quondam
527 882 619 959 vulpi
643 882 769 942 obviam
791 882 888 957 venit,
913 901 993 959 quae
1012 900 1086 940 non·

184 980 290 1042 nullos
317 982 418 1058 pisces
446 982 481 1042 in
508 1002 561 1042 ore
591 1001 648 1042 suo
677 980 826 1058 portabat.
889 979 1001 1039 ‘Unde
1029 979 1087 1039 hos

184 1080 331 1140 tulisti?’
355 1080 476 1156 rogavit
507 1099 608 1140 ursus
633 1080 808 1139 .‘Domine
834 1079 901 1154 mi‚'
927 1079 1088 1156 respondit

184 1179 305 1256 vulpeS,
330 1179 404 1256 ‘ego
425 1178 489 1239 iam
510 1179 628 1239 multas
644 1178 738 1239 horas
756 1178 859 1255 piscor
875 1180 905 1238 et
924 1177 982 1238 hos
998 1176 1087 1253 oepi'

155 1298 169 1346 5
185 1277 306 1338 Deinde
317 1298 411 1338 ursus
425 1278 521 1338 etiam
532 1278 647 1356 piscari
661 1279 780 1338 discere
795 1277 898 1338 voluit
912 1278 944 1336 et
958 1275 1087 1353 vulpem

183 1377 307 1453 rogavit
332 1375 488 1453 quomodo
510 1375 570 1437 hoc
593 1377 693 1436 facere
715 1379 827 1453 posset.
885 1376 969 1451 ‘Age
992 1376 1086 1449 vero,’

184 1475 289 1552 inquit
321 1473 442 1553 vulpes,
475 1474 575 1535 ‘illud
608 1474 852 1554 haudquaquam
884 1473 1010 1534 difficile
1039 1477 1086 1532 est
1197 1528 1199 1579 ἒ

182 1575 275 1634 factu.
320 1573 450 1635 Necesse
472 1576 520 1633 est
547 1573 585 1633 ad
610 1573 743 1650 glaciem
770 1573 816 1633 ire
843 1575 875 1633 et
900 1573 946 1631 ibi
974 1593 1087 1633 cavum

183 1672 295 1746 fodere,
337 1672 392 1732 ubi
427 1672 558 1732 caudam
590 1674 679 1732 tuam
713 1673 748 1730 in
777 1692 892 1749 aquam
926 1672 1085 1732 demittas.

140 1794 171 1830 ιο
184 1770 315 1831 Necesse
348 1775 396 1831 est
431 1759 477 1831 ibi
512 1791 638 1832 manere
673 1772 825 1849 quamdiu
860 1771 984 1848 poteris.
1040 1770 1086 1830 Ne

141 1916 143 1919 ψ
183 1870 314 1932 caudam
341 1873 429 1930 tuam
458 1872 605 1945 moveriS,
632 1871 660 1930 si
689 1871 766 1948 quid
783 1869 911 1932 'doloris
939 1868 1082 1932 senseris

182 1970 265 2031 Tum
279 1969 366 2030 enim
379 1971 481 2048 pisces
495 1971 638 2031 mordere
653 1964 829 2047 coeperunt.

147 2232 150 2237 ,
223 2177 356 2240 XLVII.
389 2180 459 2239 ree
481 2178 573 2240 Bana
593 2198 659 2239 aro
680 2199 744 2240 rna
766 2179 833 2239 Fox
854 2181 1039 2257 (continued).

223 2338 290 2413 Quo
318 2336 440 2398 diutius
467 2339 617 2415 manebis,
649 2359 685 2399 eo
713 2338 819 2416 plures
847 2339 946 2416 pisces
970 2337 1081 2415 capies·

181 2437 324 2514 Denique
347 2437 477 2497 caudam
500 2440 590 2498 tuam
615 2458 710 2516 quam
736 2439 896 2499 celerrime
921 2438 1084 2498 extrahere

181 2535 293 2596 debea'
335 2536 444 2614 Itaque
467 2556 560 2598 ursus
581 2537 623 2613 id,
645 2537 729 2615 quod
746 2537 859 2615 vulpes
878 2539 1081 2615 praeceperat,

180 2636 280 2695 facere
302 2637 433 2696 conatus
455 2639 510 2696 est.
555 2635 608 2697 Ad
630 2636 762 2714 glaciem
787 2638 945 2714 profectus
971 2655 1084 2697 cavum

151 2733 226 2807 5ibi
254 2735 336 2796 fecit.
395 2735 478 2796 Tum
508 2735 639 2795 caudam
670 2756 726 2812 per
757 2756 870 2796 cavum
901 2737 937 2796 in
969 2755 1084 2814 aquam

180 2828 316 2911 demisit.
355 2829 432 2889 Post
443 2828 561 2890 multas
572 2829 665 2890 horas
675 2830 805 2890 caudam
816 2829 951 2890 summis
959 2829 1084 2891 viribus

179 2927 341 2989 extrahere
373 2931 502 2988 conatus
528 2931 584 2991 est.
632 2928 744 3006 Frigus
771 2932 879 2989 autem
907 2930 1083 2999 maximum

177 3030 242 3087 erat
256 3030 288 3087 el
302 3028 398 3087 cauda
412 3027 476 3087 iam
493 3027 592 3104 glacie
612 3030 733 3088 retenta
747 3031 803 3091 est.
849 3027 962 3106 Itaque
978 3029 1082 3089 subito

140 3157 145 3175 ·
178 3129 266 3200 motu
292 3126 389 3185 cauda
412 3129 505 3204 rupta
528 3130 584 3188 est.
631 3127 722 3188 Hane
751 3127 790 3188 ob
818 3146 962 3190 causeam
991 3146 1083 3189 ursus
1198 3116 1199 3121 ἵ

135 3245 165 3283 10
178 3224 280 3283 adhuc
302 3242 432 3303 parvam
453 3226 546 3286 modo
567 3227 698 3287 caudam
718 3225 821 3288 habet
