2409 3642
147 172 192 259 46
430 183 583 238 sennan
614 181 767 234 emuna

347 427 467 488 LXIX.
496 427 567 486 Tne
589 424 706 485 Youno
727 424 847 484 Mousn.

190 561 261 620 Mus
275 559 398 638 iuvenis
415 560 545 619 domum
565 546 727 617 habitabat
741 556 795 616 ubi
813 573 862 614 res
879 553 999 614 multae
1018 557 1050 614 et

149 659 254 719 dulces
274 659 486 720 servabantur.
531 657 647 733 Magno
665 675 737 715 cum
756 653 869 731 gaudio
890 653 1050 731 quondam

147 759 186 819 ad
215 778 305 818 suam
332 759 467 818 matrem
496 776 588 815 cursu
617 754 712 815 venit
771 753 908 828 ‘Meton’
938 750 1049 828 inquit,

150 857 285 918 ‘incolae
298 856 395 916 huius
405 857 519 916 domus
536 854 618 915 mihi
632 874 755 933 quoque
774 853 905 912 domum
922 870 1052 929 parvam

122 982 136 1033 5
149 956 398 1017 aedificaverunt.
445 955 519 1016 Sine
534 954 629 1015 dubio
643 952 726 1013 mihi
743 952 928 1013 destinatur.
971 949 1052 1010 Mihi

150 1054 236 1115 enim
253 1055 457 1132 pervidetur.
502 1055 552 1113 Ex
573 1055 659 1130 ligno
679 1054 802 1113 constat
822 1054 853 1111 et
871 1050 971 1112 aereis
989 1049 1053 1108 filis

148 1154 274 1231 tegitur.
319 1154 408 1214 Feles
427 1152 569 1231 improba
586 1172 638 1213 me
657 1173 721 1213 non
738 1152 804 1213 iam
819 1151 909 1230 sequi
927 1148 1049 1228 poterit.

150 1253 200 1312 Ibi
227 1253 313 1313 enim
341 1255 430 1313 tutus
458 1273 516 1314 ero.
562 1252 713 1312 Frustum
737 1251 833 1312 etiam
860 1249 942 1310 casei
965 1247 1053 1307 intus

149 1353 328 1428 posuerunt
373 1353 509 1428 Propera
529 1351 627 1429 igitur
646 1370 771 1411 mecum
785 1349 911 1411 venire'
952 1348 1054 1408 Mater

108 1472 138 1508 10
150 1453 257 1510 autem
293 1450 337 1511 sic
372 1452 476 1511 filium
511 1450 642 1512 monuit.
701 1449 790 1510 ‘Tibi
827 1468 901 1510 vero
941 1446 1053 1506 domus

150 1551 205 1608 est.
250 1550 311 1610 Sed
336 1549 395 1608 tibi
419 1550 514 1609 morti
536 1550 604 1625 erit,
627 1549 747 1609 sicam
772 1546 946 1607 intraveris.
991 1545 1053 1605 Illa

151 1647 265 1707 domus
293 1647 424 1724 laqueus
452 1648 635 1725 appellatur.
680 1649 765 1708 Eum
792 1646 941 1725 dominus
967 1644 1049 1718 fecit,

150 1745 206 1823 qui
234 1745 341 1805 minus
368 1746 454 1806 fer'ox
483 1767 577 1825 quam
606 1747 683 1807 feles
710 1747 844 1815 videtur,
870 1744 925 1805 sed
953 1742 1053 1803 multo

150 1844 290 1905 callidior
311 1845 378 1906 est’

312 2075 410 2136 LXX.
442 2077 622 2137 Sernocnas
643 2094 709 2134 ann
730 2094 785 2135 nrs
807 2076 894 2136 Sons.

192 2208 361 2285 Sophocles
393 2209 431 2268 ad
463 2227 622 2268 summam
656 2209 849 2267 senectutem
879 2205 1053 2282 tragoedias

151 2307 232 2368 fecit.
278 2307 348 2367 Hoc
362 2309 468 2366 autem
482 2309 611 2384 propter
624 2305 766 2366 studium
780 2325 848 2365 rem
865 2304 1052 2364 familiarem

152 2405 315 2482 neglegere
338 2405 427 2466 visus
455 2426 473 2466 a
497 2405 573 2465 filiis
600 2404 633 2465 in
662 2403 815 2465 iudicium
839 2406 967 2464 vocatus
994 2404 1050 2462 est.

152 2503 251 2563 Illum
272 2504 361 2581 quasi
381 2503 587 2580 desipientem
609 2525 627 2564 e
649 2524 681 2563 re
699 2502 848 2563 familiari
868 2502 987 2562 iudices
1007 2521 1053 2560 re·

123 2627 136 2676 5
152 2623 276 2663 movere
295 2605 473 2680 potuerunt.
516 2603 706 2663 Graecorum
725 2602 810 2661 enim
831 2620 919 2661 more
937 2601 1050 2678 patres,

153 2702 207 2779 qui
222 2702 305 2762 male
319 2722 386 2762 rem
406 2702 526 2778 gerunt,
543 2699 637 2761 bonis
654 2700 802 2761 interdici
817 2701 926 2761 solent.
971 2699 1053 2758 Tum

152 2819 247 2860 senex
259 2800 371 2861 dicitur
381 2820 451 2861 eam
461 2800 711 2878 fabulam‚quam
721 2800 754 2859 in
764 2798 910 2860 manibus
919 2798 1054 2860 habebat

152 2897 183 2954 et
200 2894 341 2972 proxime
363 2895 536 2973 scripserat,
555 2894 712 2955 iudicibus
733 2893 918 2956 recitavisse.
963 2893 1054 2954 Prae

152 2996 236 3055 terea
245 2993 434 3070 quaesivisse
445 2995 545 3053 fertur
553 3013 631 3053 num
643 2993 724 3053 illud
735 3013 860 3054 carmen
871 2992 1053 3070 desipientis

111 3114 141 3148 10
153 3093 319 3153 videretur.
357 3093 425 3168 Quo
439 3091 568 3154 recitato
579 3092 724 3154 omnium
739 3092 878 3152 iudicum
889 3092 1053 3153 sententiis

152 3194 200 3250 est
220 3191 378 3252 liberatus
