2409 3642
177 252 230 341 εὖ.
244 254 253 321 Ξ
334 246 616 334 scates
631 222 799 349 intusa

197 426 224 485 3.
248 406 321 466 Mox
335 405 448 466 Caesar
460 425 499 464 ex
514 403 617 465 Gallia
631 404 665 463 iu
680 402 882 462 Britanniam
895 401 991 463 venit.

197 525 226 582 4.
251 497 331 564 Tum
346 503 518 581 Britannos
532 503 567 562 in
581 501 692 562 multis
707 488 932 578 proeliis'vieit.

198 620 235 681 5.
252 603 417 662 Britannia
431 601 486 662 diu
501 601 535 661 in
549 603 703 678 potestate
719 600 932 660 Romanorum
946 603 1020 659 erat.

198 703 226 761 6.
250 701 413 761 Postremo
427 700 523 760 multi
537 700 645 760 hostes
660 701 792 760 Romam
808 700 1077 776 oppugnaverunt.

200 818 226 877 7.
251 800 333 860 Tum
348 819 458 860 omnes
470 798 604 859 Romani
618 798 749 858 domum
764 798 932 857 redierunt.

334 1095 397 1155 III.
442 1095 512 1154 Tun
534 1095 622 1155 Gens
644 1113 682 1154 os
702 1113 766 1154 ann
788 1094 928 1155 Rouana.

203 1262 230 1303 1.
252 1245 394 1323 Iuppiter
408 1230 497 1323 pater
509 1245 639 1304 deorum
654 1247 685 1305 et
699 1245 865 1306 hominum
879 1248 954 1306 arat.
1011 1274 1018 1285 ·

199 1363 229 1405 2.
252 1345 405 1405 Omnium
420 1345 550 1404 deorum
564 1344 620 1404 ille
634 1344 876 1422 potentissimus
890 1344 959 1407 fuit.

200 1461 228 1520 3.
252 1442 345 1518 Mars,
362 1442 448 1502 filius
463 1442 549 1502 Iovis
562 1445 595 1503 et
610 1443 754 1518 Iunonis,
773 1443 849 1503 deus
863 1443 939 1503 belli
953 1446 1026 1503 mat.

199 1561 228 1618 4.
253 1541 315 1602 Hie
331 1541 407 1601 deus
420 1561 540 1618 pugnas
554 1544 586 1602 et
601 1542 711 1602 eaedes
725 1563 848 1620 semper
862 1542 993 1603 amabat.

200 1657 230 1718 5.
252 1639 395 1717 Iuppiter
408 1643 441 1700 et
454 1639 538 1699 Mars
551 1659 678 1717 ,semper
692 1641 814 1700 inimici
829 1644 926 1701 erant.
1023 1683 1026 1691 ·

200 1740 229 1800 6.
254 1737 368 1816 Apollo
383 1738 526 1798 omnium
541 1738 671 1799 deorum
688 1739 942 1817 sapientissimus
955 1744 1030 1802 erat.

202 1857 228 1915 7.
252 1837 413 1898 Vuleanus
426 1856 513 1898 arma
528 1837 594 1898 deis
609 1842 641 1898 et
656 1838 837 1898 hominibus
851 1838 931 1901 feeit.

200 1937 228 1997 8.
251 1935 393 1997 Minerva
406 1936 472 1998 filia
485 1937 646 1998 carissima
661 1936 749 1997 Iovis
762 1940 837 1997 erat.

200 2055 228 2112 9.
253 2035 418 2113 Neptunus
431 2039 463 2096 et
478 2034 573 2096 Pluto
587 2036 700 2096 fratres
713 2035 800 2096 Iovis
813 2040 911 2098 erant.

184 2152 230 2195 10.
255 2134 429 2195 Mercurius
442 2137 574 2195 nuntius
588 2136 718 2196 deorum
732 2137 806 2197 erat.

432 2432 487 2494 IV.
528 2433 598 2493 Tun
620 2434 725 2494 R1vna
746 2433 835 2496 Nun

524 2581 589 2628 ‘'l'he
604 2581 695 2637 higher
709 2582 782 2626 Nilus
796 2582 884 2637 suella,

299 2641 352 2686 The
366 2653 435 2685 more
450 2641 471 2685 it
484 2642 617 2696 promises;
637 2654 665 2685 as
681 2642 702 2685 it
717 2642 782 2697 ebba,
798 2641 843 2686 the
857 2643 986 2688 aeedsman

301 2701 374 2755 Upon
388 2700 433 2746 the
448 2700 520 2746 aliine
534 2701 586 2745 and
600 2713 658 2745 eone
673 2704 779 2745 seattars
792 2701 834 2745 his
848 2701 929 2757 grain,

300 2761 358 2805 And
372 2759 469 2815 ahortiy
483 2773 565 2805 eomes
578 2764 606 2805 to
621 2760 955 2807 harvest.’-Snaxnaman.

206 2901 233 2942 1.
254 2882 347 2942 Nilus
359 2882 475 2942 fluvius
489 2882 645 2942 maximus
660 2883 694 2942 in
708 2884 853 2961 Aegypto
868 2887 923 2944 est.

202 3001 230 3044 2.
255 2983 382 3042 Aestate
398 2981 491 3042 Nilus
503 2984 618 3043 terram
633 2983 803 3060 quotannis
816 2983 961 3044 inundat.

203 3099 230 3159 3.
256 3081 338 3140 Tum
351 3099 447 3157 aquae
461 3080 581 3140 vicinos
596 3100 688 3158 egros
702 3081 869 3159 complent.

203 3197 233 3253 4.
255 3178 340 3239 Olim
354 3198 451 3256 aquae
468 3178 638 3255 Nilisaepe
653 3178 794 3239 aedificia
808 3180 983 3242 vastabant.

205 3290 234 3345 5.
256 3274 347 3334 Nunc
361 3278 466 3335 autem
480 3276 598 3336 incolae
613 3276 750 3337 molibus
763 3278 864 3340 undas
879 3283 992 3341 ament.
