2409 3642
164 240 208 307 24
447 230 602 285 scanne
638 229 791 283 samaa

270 350 459 432 ssXXXII.
491 372 582 432 Rom
603 391 642 431 oo
663 390 726 431 aaa
747 370 917 430 Paasmns.

189 498 213 542 1.
238 480 340 541 Omne
359 499 451 554 mare,
472 498 565 538 omne
581 478 658 537 litus
677 477 813 538 navibus
832 476 938 537 fractis
957 480 990 537 et
1010 497 1071 537 cor·

288 578 416 656 poribus
430 577 599 637 hominum
614 574 805 652 completum
820 578 876 635 est.

186 693 214 735 2.
238 675 370 749 Xerxes,
386 672 553 750 magnifico
567 669 679 731 sedens
698 669 784 745 solio,
802 690 943 748 pugnam
958 673 1071 748 specta·

288 776 383 835 verat.

187 892 215 951 3.
241 874 302 934 Sed
316 873 432 947 statim,
451 872 564 933 timore
583 870 757 948 perculsus,
771 870 806 931 in
825 871 937 932 Asiam
957 871 1072 931 reverti

289 971 460 1032 constituit.

186 1087 214 1146 4.
239 1069 389 1146 Reliquae
404 1087 501 1130 naves
518 1069 556 1128 ad
572 1066 818 1146 Hellespontum
832 1070 1069 1131 contenderunt.

187 1185 214 1245 5.
238 1168 343 1228 Minus
365 1167 475 1227 diebus
496 1167 629 1243 triginta
650 1167 771 1228 Xerxes
791 1168 830 1229 ad
856 1171 986 1245 pontem
1007 1189 1071 1246 por·

289 1267 385 1327 venit.

186 1367 215 1426 6.
239 1365 279 1425 In
296 1386 332 1425 eo
347 1364 459 1425 itinere
474 1365 558 1424 haud
573 1366 650 1425 satis
665 1365 725 1425 cibi
739 1365 902 1451 provisum
914 1368 983 1425 erat

188 1483 217 1543 7.
239 1465 352 1541 Itaque
366 1465 436 1525 viae
449 1464 654 1524 cadaveribus
668 1465 837 1541 completae
851 1467 935 1525 sunt.

186 1565 215 1623 8.
238 1564 377 1624 Maxima
391 1582 464 1639 pars
477 1562 637 1639 copiarum
653 1563 761 1623 morbo
775 1565 807 1621 et
820 1562 903 1622 fame
917 1564 1020 1639 periit.

186 1682 215 1740 9.
239 1664 284 1722 At
305 1664 458 1739 quantum
478 1662 634 1721 exereitus
653 1664 796 1720 mutatas
816 1661 922 1722 estol)
943 1663 1000 1722 illo
1017 1664 1072 1739 qui

289 1760 448 1838 profectus
461 1762 528 1819 erat
540 1762 547 1820 l

349 1918 509 1980 XXXIII.
554 1918 626 1978 'I'na
647 1918 774 1978 Tiona
794 1918 890 1980 wia.

191 2061 219 2105 1.
242 2044 364 2104 Helena
379 2043 698 2103 Lacedaemoniorum
714 2044 797 2120 regis
812 2043 877 2102 filia
892 2047 964 2104 erat.

187 2162 214 2203 2.
239 2143 325 2202 Haec
340 2141 428 2217 virgo
443 2141 591 2215 Menelao,
610 2140 708 2199 nobili
723 2141 803 2217 duci,
821 2143 976 2218 desponsa
990 2148 1045 2204 est.

187 2260 214 2319 3.
238 2241 329 2300 Paris
342 2245 456 2316 autem,
471 2240 598 2300 Troiani
614 2240 696 2316 regis
709 2241 807 2314 filius,
822 2241 901 2301 hanc
915 2242 1071 2319 virginem

289 2339 415 2403 amavit.

187 2456 214 2515 4.
240 2437 350 2514 Itaque
365 2437 487 2497 Helena
501 2457 573 2498 cum
588 2437 701 2498 Paride
715 2438 843 2497 Troiam
858 2439 1003 2515 profugit.

188 2554 215 2615 5.
240 2535 361 2597 Deinde
385 2537 613 2613 Agamemnon,
637 2536 771 2597 Menelai
795 2537 900 2608 frater,
925 2537 1071 2599 Lacedae·

289 2655 415 2695 monem
430 2635 599 2697 contendit.

186 2737 214 2796 6.
240 2736 341 2810 Quam
360 2736 535 2795 maximum
554 2738 687 2812 possunt
706 2752 874 2794 numerum
894 2735 1025 2796 navium
1039 2740 1071 2797 et

290 2833 431 2894 militum
446 2837 568 2911 cogunt.

189 2952 215 3012 7.
240 2933 322 2993 'I'um
342 2933 452 2993 Graeci
471 2953 565 2993 noves
585 2933 798 2993 conscendunt
817 2935 848 2992 et
863 2932 986 2994 Troiam
1004 2954 1070 3011 pro·

288 3033 481 3093 ficiscuntur.

187 3129 218 3188 8.
239 3130 312 3190 Mox
332 3130 366 3188 in
382 3131 494 3190 Asiam
515 3129 703 3208 perveniunt
725 3133 756 3190 et
776 3150 872 3192 naves
891 3132 924 3192 in
944 3133 1068 3193 aridum

290 3227 476 3291 subducunt
