2409 3642
550 1066 665 1127 PART
687 1066 752 1127 III.

305 1294 437 1356 LXXV.
472 1293 590 1354 Wrrrr
612 1296 751 1355 Simuos
773 1315 811 1354 or
833 1296 957 1356 Cremo.

223 1435 329 1498 Cicero
357 1455 447 1511 saepe
474 1437 593 1495 facetus
624 1440 690 1496 erat
720 1440 751 1497 et
779 1457 1010 1514 nonnunquam
1046 1437 1089 1496 ab

182 1533 320 1595 inimicis
328 1552 434 1593 scurra
443 1534 617 1594 consularis
629 1533 802 1610 appellatus
813 1535 868 1595 est.
900 1533 1088 1610 Aliquando

181 1632 363 1707 Lentulum,
385 1650 537 1708 generum
561 1652 657 1692 suum
678 1631 767 1692 vidit.
811 1631 967 1693 Lentulus
988 1633 1088 1692 homo
1186 1655 1188 1740 1

181 1750 294 1807 parvae
308 1732 445 1790 staturae
459 1733 532 1806 erat,
550 1731 604 1791 sed
620 1731 714 1808 longo
730 1730 833 1808 gladio
847 1731 1007 1792 accinctus
1025 1736 1085 1792 est.
1187 1747 1188 1757 ¹

151 1859 164 1906 5
185 1830 299 1906 ‘Quis'
312 1829 418 1907 inquit
433 1828 550 1904 Cicero,
568 1830 739 1905 ‘generum
758 1849 864 1890 meum
884 1831 923 1889 ad
941 1830 1085 1907 gladium

180 1929 365 2005 alligaviti'
408 1929 532 1989 Iterum
546 1928 670 1990 iuvenis
685 1929 814 2006 quidam
831 1929 972 1989 Ciceroni
992 1931 1085 1990 male-

182 2027 309 2088 dicebat.
354 2027 417 2089 Hic
439 2029 563 2088 iuvenis
587 2047 746 2089 venenum
767 2030 802 2089 in
829 2028 974 2104 placenta
1001 2030 1084 2106 patri

181 2146 238 2186 sno
267 2125 399 2186 dederat.
445 2127 528 2186 Tum
553 2126 633 2186 dixit
664 2127 789 2188 Cicero:
829 2130 878 2187 ‘A
905 2130 938 2187 te
970 2128 1084 2203 probra

64 2238 67 2243 ·
182 2244 277 2302 qnam
290 2224 466 2301 placentam
481 2225 617 2303 accipere
632 2226 736 2286 maln'

327 2462 474 2524 LXXVI.
504 2464 661 2524 Puteanus
681 2484 747 2524 Ano
768 2484 832 2524 rim
854 2465 931 2524 Dec.

221 2596 364 2675 Pyrrhus
388 2617 442 2656 rex
470 2597 504 2657 in
531 2597 646 2657 itinere
674 2598 708 2656 in
739 2618 848 2658 canem
881 2598 994 2658 incidit
1028 2597 1082 2674 qui

180 2696 319 2757 hominis
342 2696 500 2757 interfecti
524 2716 636 2773 corpus
661 2698 864 2758 custodiebat.
910 2697 972 2756 Hic
995 2697 1083 2755 canis

179 2794 243 2853 iam
261 2798 326 2855 tres
345 2795 411 2856 dies
430 2797 498 2856 sine
516 2797 587 2855 cibo
606 2796 762 2856 assidebat
779 2817 881 2873 neque
900 2815 918 2855 a
934 2797 1082 2856 cadavere

178 2892 336 2954 discedere
357 2895 465 2956 voluit.
510 2894 653 2974 Pyrrhus
678 2915 750 2973 ergo
773 2898 935 2956 mortuum
955 2895 1082 2955 humari

150 2991 283 3068 5iussit,
312 3014 420 3054 canem
449 2998 555 3055 autem
583 2994 695 3054 adduci
720 2998 753 3054 et
776 2995 945 3070 diligenter
966 2994 1077 3054 curari.

179 3091 250 3151 Non
265 3093 366 3152 multo
380 3097 451 3168 post
465 3095 607 3154 lustratio
617 3093 757 3153 militum
769 3094 911 3154 habetur.
955 3093 1082 3170 Singuli

178 3194 343 3251 transeunt
365 3190 482 3250 milites
506 3211 611 3250 coram
634 3212 712 3268 rege.
758 3192 877 3251 Aderat
895 3193 988 3252 canis.
1034 3191 1077 3266 Is,
