2409 3642
154 184 197 232 10
434 177 587 232 SCALAE
619 177 771 230 PRIMAE

128 367 131 371 ’
213 371 307 433 XIII.
353 371 445 431 Roun
466 389 568 431 sarno
590 390 632 429 ar
652 389 715 431 uun
736 370 863 431 Sauara
885 372 990 432 (lausa

507 471 692 547 (coadunari).

173 605 197 648 1.
222 587 314 648 Forte
329 588 363 648 in
378 587 531 666 Capitolio
546 607 672 648 anseres
686 587 803 649 Iunoni
817 586 896 648 sauri
910 589 1008 649 erant.

170 705 196 747 2.
222 688 268 747 Hi
283 707 407 747 anseres
421 688 536 765 gradus
550 682 715 748 Gallorum
730 687 928 748 audiverunt.

169 804 197 863 3.
222 785 333 863 Itaque
347 788 422 846 haee
437 807 487 846 res
502 788 620 847 Romae
634 786 730 848 saluti
743 786 813 847 fuit.

169 903 196 960 4.
221 884 250 944 N
252 905 304 944 am
319 905 427 945 eorum
442 885 587 963 clangore
599 886 692 947 miles
703 885 831 963 quidam
843 883 964 945 excitus
973 887 1030 946 est.

169 1000 195 1060 5
220 983 282 1043 Hio
296 984 352 1061 vir,
368 984 451 1045 bello
466 985 617 1063 egregius,
635 1005 723 1045 arma
736 1005 792 1046 sua
806 984 916 1044 statim
931 982 1020 1060 rapit.

168 1082 197 1144 6.
221 1083 347 1143 Ceteros
361 1103 484 1160 quoquo
499 1083 618 1144 milites
633 1084 670 1143 ad
685 1103 773 1144 arma
786 1085 931 1146 concitat.

170 1199 194 1257 7.
219 1180 349 1242 Primus
365 1182 530 1243 Gallorum
543 1183 609 1243 iam
622 1182 657 1242 in
673 1202 797 1243 summo
812 1182 924 1243 stabat.

168 1280 196 1340 8.
221 1280 317 1340 Hunc
332 1282 493 1342 Romanus
507 1283 598 1342 hasta
612 1302 670 1342 sua
685 1281 838 1342 deturbat.

168 1399 195 1456 9.
220 1379 302 1440 Tum
317 1379 429 1440 Gallus
443 1380 561 1441 labitur
575 1384 608 1442 et
621 1380 782 1458 proximos
796 1379 896 1442 deicit.

150 1496 196 1539 10.
221 1478 357 1538 Romani
371 1480 488 1539 cetoros
503 1478 613 1541 Gallos
626 1479 718 1540 facile
732 1482 847 1541 aroent.

150 1595 196 1638 11.
221 1576 272 1638 Sio
287 1577 386 1638 Roma
400 1597 547 1638 anserum
562 1578 706 1656 clangore
722 1581 845 1640 servata
858 1580 913 1641 est
980 1634 988 1645 .

328 1778 428 1841 XIV.
474 1777 544 1838 Tun
567 1776 714 1839 Woonun
736 1781 855 1841 Housu.

171 1922 195 1964 1.
220 1905 330 1964 Graeci
342 1904 449 1964 desem
462 1921 562 1963 annos
571 1902 697 1961 Troiam
708 1903 826 1963 frustra
836 1903 1030 1964 obsederant.

168 2022 197 2061 2.
221 2004 342 2065 Deinde
363 2023 482 2081 equum
503 2002 647 2080 ligneum
665 2002 803 2079 ingentis
823 2003 1055 2081 magnitudinis

257 2101 397 2162 ‘faoiunt

168 2221 194 2278 3.
220 2200 260 2260 In
275 2201 333 2261 hou
348 2190 428 2278 equo
443 2199 503 2260 viri
517 2200 684 2261 fortissimi
698 2221 764 2261 sose
780 2201 968 2261 celaverunt.

167 2319 194 2377 4
220 2300 303 2361 Tum
318 2300 431 2378 reliqui
445 2300 556 2360 Graeci
577 2301 615 2360 ad
637 2301 776 2361 insulam
795 2300 1003 2378 propinquam
1021 2320 1054 2358 se

269 2400 436 2477 recipiunt.
856 2393 860 2398 ⁶

167 2515 194 2576 5.
219 2499 292 2558 Mox
301 2490 426 2568 Troiani
433 2518 552 2575 equum
565 2498 707 2575 ligneum
717 2500 789 2558 ante
797 2498 922 2558 moenia
930 2497 1050 2558 vident.

167 2599 194 2658 6.
221 2597 375 2658 Nonnulli
391 2598 476 2658 huno
496 2619 614 2676 equum
638 2596 671 2657 in
691 2616 794 2657 arcem
809 2597 934 2658 trahere
952 2596 1054 2657 volue-

269 2699 352 2759 runt.

169 2813 194 2872 7.
219 2796 363 2857 Laocoon
374 2800 489 2871 autem,
502 2796 644 2874 Neptuni
658 2795 808 2870 sacerdos,
822 2794 880 2853 hoo
892 2793 1049 2855 dissuasit.

166 2894 194 2955 8.
218 2896 345 2971 Equum
360 2898 468 2955 tamen
482 2895 572 2955 stulti
587 2896 671 2955 cives
685 2895 719 2953 in
731 2893 841 2953 urbem
853 2895 1027 2954 traxerunt.

166 3012 195 3067 9.
220 2994 339 3053 Eadem
354 2998 444 3053 noete
460 2993 624 3054 Graecias
639 3013 718 3070 equo
733 2994 905 3070 emergunt.

150 3107 195 3147 10.
220 3091 371 3152 Custodes
384 3095 545 3168 portarum
559 3091 628 3153 siue
641 3112 731 3152 mora
744 3091 836 3151 oooisi
852 3094 935 3152 sunt.

151 3201 195 3243 11.
219 3186 302 3247 Tum
312 3189 425 3267 reliqui
437 3191 548 3251 Graeci
561 3191 671 3251 urbem
679 3190 805 3251 Troiam
816 3194 1006 3270 expugnant.
