2409 3642
174 199 214 272 18
454 211 609 273 scALAs
639 184 792 269 suiuus

188 379 216 435 9.
242 358 382 436 Regulus
396 359 462 437 ipse
476 358 511 419 in
525 361 651 419 catenus
665 357 824 418 coniectus
837 359 893 417 cst.

134 483 137 489 ·
170 476 218 516 10.
240 458 355 517 Postea
389 457 528 535 Regulus
553 478 571 518 a
601 455 913 535 Carthaginiensibus
936 456 1071 516 Romam

290 557 406 618 missus
425 559 480 617 est.

358 731 477 792 XXIV.
524 732 640 792 Dalm
661 752 700 791 ou
721 734 880 791 Rucuius.

191 866 215 907 1.
241 849 374 909 Senatus
388 868 497 923 pacem
512 868 584 906 cum
599 847 714 907 Poenis
728 848 826 907 facere
843 846 977 906 nolebat.
1010 862 1014 869 '

188 965 215 1006 2.
239 947 351 1024 Itaque
366 948 505 1024 Regulus
520 946 823 1023 ipse'Oarthagincm
838 945 938 1005 rediit.

187 1063 215 1124 3.
241 1045 306 1105 Noc
326 1045 426 1106 multo
448 1048 520 1122 post
546 1045 694 1106 omnibus
713 1044 875 1122 suppliciis
897 1045 1071 1105 exstinctus

291 1147 347 1204 est.

188 1262 216 1321 4.
243 1242 341 1305 Poeni
364 1244 450 1304 enim
473 1243 538 1305 iam
559 1247 633 1304 ante
658 1243 763 1303 auimo
786 1242 914 1303 inimico
940 1244 975 1303 in
998 1263 1070 1302 cum

290 1344 423 1403 fucrant.

188 1459 215 1519 5.
241 1442 333 1501 Nunc
347 1445 453 1502 autem
467 1441 568 1501 multo
582 1441 709 1518 gravius
723 1440 828 1500 doloro
842 1443 1033 1501 exarserunt.

188 1542 216 1598 6.
240 1541 349 1599 Primo
366 1540 463 1618 igitur
477 1541 512 1599 in
528 1540 605 1599 atris
617 1543 648 1599 ct
658 1539 823 1617 profundis
837 1541 976 1600 tenebris
990 1539 1070 1600 clau·

291 1658 345 1697 sus
358 1642 414 1698 cst.

190 1754 215 1812 7.
238 1737 351 1796 Postea
366 1737 464 1797 solem
480 1736 534 1796 diu
550 1740 689 1813 spectaro
702 1737 833 1815 cogitur.

187 1833 214 1893 8.
238 1834 355 1894 Somno
381 1855 504 1913 quoquc
532 1833 711 1911 prohibitus
739 1837 788 1895 est
812 1837 906 1913 atquo
935 1836 980 1895 ita
1002 1836 1070 1896 vito

289 1934 432 2009 privatus
452 1936 517 2009 est„
560 1924 563 1930 ¹

187 2050 215 2107 9.
241 2031 311 2090 Hoc
326 2036 433 2109 postea
446 2033 564 2093 Romae
578 2032 741 2110 cognitum
755 2035 809 2093 est.

170 2149 214 2192 10.
239 2130 322 2190 Tum
338 2131 472 2192 Romani
486 2131 701 2192 nobilissimos
714 2132 854 2209 captivos
867 2131 986 2193 oisdcm
999 2153 1068 2211 sup·
1193 2126 1195 2143 *

288 2230 391 2307 pliciis
404 2231 591 2291 occiderunt.

225 2407 324 2467 XXV.
369 2407 506 2482 Mocms,
530 2426 552 2467 A
574 2408 690 2467 Rouuu
712 2427 1013 2481 cmzsu,'c1ussuo

383 2535 458 2575 ium.
479 2535 541 2573 suu
567 2515 736 2574 Eunuscsu
759 2534 846 2574 mus.

189 2649 214 2692 1.
239 2631 364 2692 Etrusci
378 2631 454 2691 olim
469 2652 540 2692 cum
554 2630 670 2708 populo
686 2631 828 2690 Romano
849 2630 969 2692 bellum
987 2654 1069 2711 gore-

288 2730 374 2790 bant.

186 2848 212 2890 2.
238 2830 319 2888 Tum
334 2828 463 2903 Mucius,
480 2828 605 2890 iuvenis
625 2827 747 2902 nobilis
765 2827 799 2886 in
812 2831 913 2888 castra
927 2827 1067 2891 hostium

287 2928 439 3004 pervenit.

186 3045 214 3102 3.
238 3026 298 3084 Ille
312 3047 417 3104 rogem
431 3027 636 3086 Etruscorum
651 2992 826 3086 irlterficero
840 3028 948 3088 voluit.

185 3143 213 3199 4.
238 3125 283 3183 At
298 3145 316 3184 a
331 3124 511 3186 custodibus
526 3126 635 3186 statim
650 3131 759 3204 captus
773 3130 828 3186 ost.

185 3238 213 3297 5.
238 3223 320 3281 Tum
334 3224 372 3283 ud
388 3223 528 3285 tribunal
542 3225 625 3304 rogis
638 3225 762 3286 Mucius
778 3227 896 3288 tractus
911 3230 966 3288 cst.
