2409 3642
150 198 194 267 52
434 190 588 246 sennar
620 189 772 244 paruae

150 335 252 413 pictae
266 333 422 412 imaginis,
440 335 549 395 statim
562 333 646 412 quod
661 335 822 412 peccatum
836 333 937 394 fuerat
950 351 1056 392 emen·

151 435 247 495 davit.
291 435 337 494 At
353 437 477 511 postero
498 433 548 493 die
566 434 651 493 idem
670 436 758 493 sutor
776 435 904 510 propter
917 430 1056 509 priorem

150 532 401 593 admonitionem
416 533 548 610 superbe
562 553 595 594 se
610 551 716 609 gerere
726 532 827 608 coepit
841 534 873 592 et
887 532 967 590 circa
982 551 1056 591 crus
1187 496 1189 631 i

151 632 298 708 imaginis
331 631 542 693 cavillabatur.
592 631 675 691 Tum
709 630 838 708 Apelles
871 629 1055 707 indignatus

109 733 289 791 iosutorem
318 731 537 793 denuntiavit:
576 731 641 791 ‘Ne
665 733 755 791 sutor
776 749 872 808 supra
896 730 1054 806 crepidam

150 830 320 892 iudicaret’
363 831 452 905 Quod
466 830 578 892 deinde
589 830 624 890 in
639 829 842 908 proverbium
858 829 953 892 venit.

259 1113 408 1176 LXXIX.
436 1113 488 1174 Au
510 1113 666 1174 Examen
687 1134 726 1174 or
747 1113 942 1175 Fauomrrr.

104 1296 113 1312 .
190 1249 406 1309 Parsimoniae
419 1265 552 1325 magnae
561 1250 610 1307 est
622 1246 765 1324 exemplo
780 1247 897 1325 Scytha
909 1247 1049 1325 quidam.

149 1348 211 1409 His
224 1347 311 1408 enim
324 1346 428 1409 verbis
442 1346 513 1407 duci
532 1365 647 1424 magno
666 1346 832 1425 epistolam
846 1347 979 1424 scripsit,
997 1348 1053 1424 qui

148 1448 187 1507 ad
201 1447 308 1524 ipsum
321 1445 485 1524 splendida
500 1446 580 1506 dona
595 1445 731 1506 miserat.
774 1445 876 1506 ‘Situ
887 1445 980 1521 vales,
993 1465 1052 1523 ego

147 1548 243 1608 valeo.
287 1545 430 1607 Vestitus
452 1565 541 1606 meus
563 1545 647 1605 ferae
667 1546 758 1623 pellis
778 1548 844 1621 est;
865 1546 983 1606 humus
1002 1549 1051 1606 est

119 1644 269 1720 5cubile;
298 1644 535 1704 condimentum
563 1644 682 1718 fames3
718 1645 807 1720 lacte,
833 1663 928 1719 caseo,
958 1665 1052 1705 carne

146 1763 264 1804 vescor.
308 1744 420 1822 Itaque
439 1743 477 1805 da
494 1744 570 1804 haec
591 1745 674 1804 dona
690 1747 745 1804 aut
766 1743 889 1804 civibus
910 1744 975 1804 tuis
995 1749 1050 1806 aut

147 1844 197 1903 dis
224 1843 478 1905 immortalibus)
520 1844 573 1906 sie
606 1843 689 1904 dona
721 1843 829 1904 divitis
860 1844 1051 1905 recusavisse

147 1942 269 2004 dicitur.

370 2177 502 2239 LXXX.
534 2178 605 2239 Tan
627 2180 818 2242 Sorrnmrs.

185 2309 343 2371 Vivebant
372 2311 450 2372 olim
478 2332 573 2389 prope
597 2313 733 2374 fluvium
755 2312 876 2374 Istrum
903 2314 1045 2393 Scythae,

146 2429 222 2488 gens
242 2409 369 2470 horrida
389 2414 422 2471 et
441 2410 579 2473 barbara
626 2412 734 2490 Neque
755 2413 841 2473 enim
862 2432 953 2491 agros
973 2414 1049 2473 cole·

145 2509 230 2582 bant,
248 2528 348 2588 neque
361 2512 461 2570 certas
475 2509 583 2572 domos
598 2509 763 2586 habebant,
781 2513 834 2572 sed
855 2532 979 2589 semper
993 2532 1049 2589 per

145 2611 245 2669 terras
258 2609 395 2669 incultas
409 2612 440 2685 et
455 2609 594 2670 desertas
609 2610 715 2688 vagari
732 2610 882 2672 solebant.
928 2611 1049 2672 Uxores

116 2711 178 2778 5et
205 2709 319 2769 liberos
351 2709 385 2768 in
417 2708 566 2785 plaustris
599 2730 706 2771 secum
738 2711 900 2772 ducebant.
944 2711 1048 2772 Boves

144 2809 240 2868 etiam
268 2810 300 2867 et
328 2828 402 2868 oves
430 2828 483 2868 eos
511 2809 749 2871 comitabantur.
808 2810 909 2886 Lacte,
943 2811 1045 2888 melle,

143 2925 235 2967 carne
249 2906 332 2969 vesci
346 2907 496 2970 solebant.
541 2910 630 2969 Auro
645 2913 677 2970 et
690 2910 818 2987 argento
835 2909 884 2969 uti
903 2909 1047 2970 nondum

143 3006 316 3067 didicerant
348 3026 449 3084 neque
478 3007 644 3084 pecuniam
678 3006 844 3070 habebant.
903 3009 1047 3070 Pellibus

144 3106 238 3166 modo
269 3125 336 3165 sese
363 3105 549 3181 vestiebant,
580 3111 612 3167 et
640 3107 846 3187 gelidissimis
878 3107 912 3170 in
939 3108 1047 3171 fluviis

101 3224 130 3260 10
144 3204 335 3267 lavabantur.
