2409 3642
173 214 218 303 58
456 227 610 282 scanne
641 228 793 282 rumne

135 366 138 371 ’
211 369 246 429 R.
274 368 403 428 ‘Nonne
417 368 512 429 Fama
527 369 565 430 de
584 391 635 430 me
649 391 772 448 quoque
791 370 957 447 loquitur?
989 370 1077 431 llum

171 486 311 544 unquam
325 467 388 527 dux
402 468 510 527 fortior
524 468 663 529 fortioris
677 489 791 529 manus
805 470 865 529 fuit
874 470 908 529 ‘t'

210 565 251 629 A.
279 566 461 628 ‘Tutemen
472 567 518 627 nil
529 567 592 628 nisi
602 568 683 629 latro
693 568 795 646 turpis
804 570 837 629 et
847 569 1011 647 improbus
1020 568 1076 632 es'

301 827 367 890 XO.
395 827 466 888 Tne
487 828 565 888 Two
587 828 734 889 Roeeane
755 827 939 905 (continued).

209 961 245 1021 Il.
274 960 398 1036 ‘Qualis
410 963 517 1021 autem
532 961 635 1021 vietor
653 963 726 1022 est‘?
758 963 868 1022 Nonne
883 965 918 1023 tu
934 965 1070 1036 eentum,

169 1059 292 1137 quoties
305 1081 362 1139 ego
376 1060 490 1137 deoem,
503 1061 653 1120 homines
667 1060 877 1121 interfecisti?
912 1062 1025 1122 Nonne
1038 1063 1074 1122 tu

168 1161 268 1219 totam
282 1158 401 1235 urbem,
418 1158 472 1219 ubi
486 1179 544 1235 ego
558 1160 689 1219 domum
703 1160 796 1220 modo
810 1160 911 1222 delevi
920 1161 952 1221 ?’

208 1256 250 1319 A.
277 1258 337 1318 ‘At
367 1278 424 1334 ego
456 1258 574 1320 multae
605 1279 727 1337 quoque
759 1259 854 1320 urbes
885 1260 1011 1321 condidi
1041 1261 1073 1319 et

139 1379 153 1428 5
168 1375 277 1416 omnes
291 1360 375 1417 artes
389 1356 475 1418 fovi'

207 1456 244 1516 Il.
271 1454 354 1533 ‘Ego
390 1476 511 1533 quoque
550 1456 676 1517 miseris
713 1477 836 1535 semper
869 1456 1006 1518 suoourri
1041 1460 1073 1517 et

167 1574 317 1632 pauperes
340 1555 454 1617 adiuvi.
499 1556 660 1630 Attamen,
688 1576 788 1634 neque
814 1576 871 1634 ego
899 1577 1000 1635 neque
1024 1559 1069 1631 lu,

167 1655 203 1713 ut
222 1654 340 1730 opinor,
359 1673 497 1732 unquam
517 1654 710 1730 hominibus,
728 1675 806 1733 quae
826 1657 909 1715 mala
928 1655 1068 1730 fecimus,

167 1752 393 1828 rependemus!

124 1870 153 1906 ιο
206 1850 248 1910 A.
273 1850 425 1912 ‘Vincula
446 1871 618 1928 summove,
644 1855 676 1912 et
696 1853 754 1912 hoo
776 1853 844 1913 viro
864 1853 942 1913 bene
964 1855 1072 1914 utere!

166 1951 383 2011 Alexandrum
399 1950 572 2012 latronem!
609 1950 694 2011 Num
708 1951 767 2011 hoo
780 1945 850 2012 fieri
863 1952 1008 2030 potestt'

200 2209 282 2271 XCI.
316 2210 420 2271 Frenr
442 2229 593 2272 enrwnnu
615 2230 637 2270 A
659 2212 754 2272 Geor
775 2230 840 2271 nun
861 2230 884 2271 A
905 2211 1029 2272 Bonan.

205 2342 286 2403 Cum
301 2341 386 2402 Galli
405 2346 504 2402 eastre
523 2344 610 2403 trans
623 2342 783 2404 Anienem
799 2343 934 2403 fluvium
952 2342 1070 2419 posuis·

163 2445 240 2519 sent,
253 2445 407 2505 exereitus
422 2445 583 2504 Romanus
596 2462 636 2502 ex
650 2443 726 2504 urbe
740 2445 897 2520 profectus
911 2445 951 2504 ad
967 2444 1071 2521 ripam

163 2543 343 2603 ulteriorem
357 2544 506 2604 consedit.
546 2543 632 2602 Pone
645 2542 728 2602 inter
741 2542 899 2604 Romanos
913 2546 945 2602 et
960 2544 1070 2603 Gallos

159 2641 369 2703 interiacebat.
415 2642 497 2703 Tum
513 2641 622 2703 Gallus
641 2641 778 2719 quidam,
796 2644 916 2702 stature
935 2642 1065 2719 ingenti,

134 2758 147 2806 5
162 2740 247 2801 huno
260 2741 294 2801 in
309 2745 437 2819 pontem
452 2760 643 2820 progressus,
655 2760 769 2819 magna
779 2761 852 2802 cum
860 2761 936 2801 voce
949 2741 1069 2818 inquit:

160 2839 384 2903 ‘Fortissimus
414 2843 626 2902 Romanorum
658 2839 719 2900 huo
747 2841 853 2901 veniat
882 2842 914 2899 et
942 2860 1069 2901 meeum

162 2939 328 3009 deoemat!
358 2940 491 3002 Romani
507 2942 613 2999 autem
628 2939 709 2999 nihil
724 2940 956 3016 responderunt
985 2939 1068 2999 Tum

161 3038 289 3098 demum
305 3041 397 3100 Titus
416 3040 554 3099 Manlius
573 3037 686 3098 dueem
705 3039 805 3099 oravit
824 3041 860 3098 ut
879 3038 941 3098 sibi
960 3038 1069 3098 lioeret

161 3157 233 3196 oum
257 3138 349 3197 Gallo
370 3158 427 3214 pro
450 3138 589 3197 exercitu
609 3156 753 3212 pugnare.
798 3136 868 3197 Hoo
889 3136 1064 3214 impetrato,

120 3251 148 3286 ¹0
163 3236 272 3294 statim
296 3255 383 3294 arma
408 3256 463 3295 sua
491 3235 602 3296 induit.
648 3235 699 3295 Ad
725 3235 883 3312 singulare
908 3238 1067 3296 certamen
