<?xml version="1.0" encoding="UTF-8"?>
<!DOCTYPE html PUBLIC "-//W3C//DTD XHTML 1.0 Transitional//EN"
    "http://www.w3.org/TR/xhtml1/DTD/xhtml1-transitional.dtd">
<html xmlns="http://www.w3.org/1999/xhtml" xml:lang="en" lang="en">
 <head>
  <title>
</title>
<meta http-equiv="Content-Type" content="text/html;charset=utf-8" />
  <meta name='ocr-system' content='tesseract 3.04.00' />
  <meta name='ocr-capabilities' content='ocr_page ocr_carea ocr_par ocr_line ocrx_word'/>
</head>
<body>
  <div class='ocr_page' id='page_1' title='image "./scalaeprimaeafi00spengoog_0021.png"; bbox 0 0 2409 3642; ppageno 0'>
   <div class='ocr_carea' id='block_1_1' title="bbox 420 259 1038 334">
    <p class='ocr_par' dir='ltr' id='par_1_1' title="bbox 420 259 1038 334">
     <span class='ocr_line' id='line_1_1' title="bbox 420 259 1038 334; baseline -0.005 -21"><span class='ocrx_word' id='word_1_1' title='bbox 420 259 573 313; x_wconf 75' lang='lat' dir='ltr'>scama</span> <span class='ocrx_word' id='word_1_2' title='bbox 604 259 755 311; x_wconf 71' lang='lat' dir='ltr'>Parnon</span> <span class='ocrx_word' id='word_1_3' title='bbox 1016 265 1038 334; x_wconf 89' lang='lat'>5</span> 
     </span>
    </p>
   </div>
   <div class='ocr_carea' id='block_1_2' title="bbox 140 398 1038 1056">
    <p class='ocr_par' dir='ltr' id='par_1_2' title="bbox 140 398 1038 1056">
     <span class='ocr_line' id='line_1_2' title="bbox 159 398 1038 477; baseline -0.003 -17"><span class='ocrx_word' id='word_1_4' title='bbox 159 418 185 477; x_wconf 88' lang='lat'>7.</span> <span class='ocrx_word' id='word_1_5' title='bbox 210 401 373 460; x_wconf 78' lang='lat' dir='ltr'>Postremo</span> <span class='ocrx_word' id='word_1_6' title='bbox 396 400 540 460; x_wconf 82' lang='lat' dir='ltr'>Achilles</span> <span class='ocrx_word' id='word_1_7' title='bbox 563 400 740 474; x_wconf 79' lang='lat' dir='ltr'>Hectorem,</span> <span class='ocrx_word' id='word_1_8' title='bbox 768 399 879 459; x_wconf 87' lang='lat' dir='ltr'>ducem</span> <span class='ocrx_word' id='word_1_9' title='bbox 907 398 1038 459; x_wconf 82' lang='lat' dir='ltr'>fortissi-</span> 
     </span>
     <span class='ocr_line' id='line_1_3' title="bbox 259 499 543 576; baseline -0.007 -17"><span class='ocrx_word' id='word_1_10' title='bbox 259 520 356 574; x_wconf 86' lang='lat' dir='ltr'>mum,</span> <span class='ocrx_word' id='word_1_11' title='bbox 376 499 543 576; x_wconf 82' lang='lat' dir='ltr'>superavit.</span> 
     </span>
     <span class='ocr_line' id='line_1_4' title="bbox 156 596 918 675; baseline 0 -19"><span class='ocrx_word' id='word_1_12' title='bbox 156 597 185 657; x_wconf 83' lang='lat'>8.</span> <span class='ocrx_word' id='word_1_13' title='bbox 210 599 270 659; x_wconf 83' lang='lat' dir='ltr'>Sed</span> <span class='ocrx_word' id='word_1_14' title='bbox 285 597 464 675; x_wconf 81' lang='lat' dir='ltr'>paulopost</span> <span class='ocrx_word' id='word_1_15' title='bbox 479 596 594 674; x_wconf 86' lang='lat' dir='ltr'>ipsein</span> <span class='ocrx_word' id='word_1_16' title='bbox 611 617 716 673; x_wconf 86' lang='lat' dir='ltr'>pugna</span> <span class='ocrx_word' id='word_1_17' title='bbox 730 597 848 656; x_wconf 80' lang='lat' dir='ltr'>occisus</span> <span class='ocrx_word' id='word_1_18' title='bbox 864 599 918 656; x_wconf 85' lang='lat' dir='ltr'>est.</span> 
     </span>
     <span class='ocr_line' id='line_1_5' title="bbox 156 694 1036 773; baseline -0.003 -17"><span class='ocrx_word' id='word_1_19' title='bbox 156 715 185 772; x_wconf 87' lang='lat'>9.</span> <span class='ocrx_word' id='word_1_20' title='bbox 210 696 310 757; x_wconf 88' lang='lat' dir='ltr'>Nemo</span> <span class='ocrx_word' id='word_1_21' title='bbox 347 698 536 760; x_wconf 84' lang='lat' dir='ltr'>Graecorum</span> <span class='ocrx_word' id='word_1_22' title='bbox 571 697 606 755; x_wconf 79' lang='lat' dir='ltr'>ln</span> <span class='ocrx_word' id='word_1_23' title='bbox 641 694 769 773; x_wconf 85' lang='lat' dir='ltr'>proeliis</span> <span class='ocrx_word' id='word_1_24' title='bbox 798 695 911 755; x_wconf 86' lang='lat' dir='ltr'>melior</span> <span class='ocrx_word' id='word_1_25' title='bbox 941 714 1036 772; x_wconf 89' lang='lat' dir='ltr'>quam</span> 
     </span>
     <span class='ocr_line' id='line_1_6' title="bbox 238 797 487 857; baseline -0.012 0"><span class='ocrx_word' id='word_1_26' title='bbox 238 807 241 811; x_wconf 89' lang='grc'><strong>’</strong></span> <span class='ocrx_word' id='word_1_27' title='bbox 257 797 398 857; x_wconf 85' lang='lat' dir='ltr'>Achilles</span> <span class='ocrx_word' id='word_1_28' title='bbox 411 799 487 857; x_wconf 86' lang='lat' dir='ltr'>erat.</span> 
     </span>
     <span class='ocr_line' id='line_1_7' title="bbox 140 892 1037 972; baseline -0.001 -20"><span class='ocrx_word' id='word_1_29' title='bbox 140 912 185 957; x_wconf 90' lang='lat'>10.</span> <span class='ocrx_word' id='word_1_30' title='bbox 211 895 321 972; x_wconf 85' lang='lat' dir='ltr'>Itaque</span> <span class='ocrx_word' id='word_1_31' title='bbox 335 898 407 972; x_wconf 82' lang='lat' dir='ltr'>post</span> <span class='ocrx_word' id='word_1_32' title='bbox 421 895 490 957; x_wconf 80' lang='lat' dir='ltr'>eius</span> <span class='ocrx_word' id='word_1_33' title='bbox 503 897 640 955; x_wconf 87' lang='lat' dir='ltr'>mortem</span> <span class='ocrx_word' id='word_1_34' title='bbox 654 894 764 955; x_wconf 82' lang='lat' dir='ltr'>Graeci</span> <span class='ocrx_word' id='word_1_35' title='bbox 778 894 812 953; x_wconf 93' lang='lat' dir='ltr'>in</span> <span class='ocrx_word' id='word_1_36' title='bbox 823 913 939 971; x_wconf 86' lang='lat' dir='ltr'>magno</span> <span class='ocrx_word' id='word_1_37' title='bbox 951 892 1037 952; x_wconf 86' lang='lat' dir='ltr'>luctu</span> 
     </span>
     <span class='ocr_line' id='line_1_8' title="bbox 257 996 356 1056; baseline -0.01 -2"><span class='ocrx_word' id='word_1_38' title='bbox 257 996 356 1056; x_wconf 87' lang='lat' dir='ltr'>erant.</span> 
     </span>
    </p>
   </div>
   <div class='ocr_carea' id='block_1_3' title="bbox 224 1252 890 1385">
    <p class='ocr_par' dir='ltr' id='par_1_3' title="bbox 224 1252 890 1385">
     <span class='ocr_line' id='line_1_9' title="bbox 224 1252 890 1385; baseline 0.005 -6"><span class='ocrx_word' id='word_1_39' title='bbox 224 1252 353 1384; x_wconf 43' lang='lat' dir='ltr'>&gt;6⁷ss</span> <span class='ocrx_word' id='word_1_40' title='bbox 396 1325 467 1384; x_wconf 76' lang='lat' dir='ltr'>Tur.</span> <span class='ocrx_word' id='word_1_41' title='bbox 488 1325 558 1385; x_wconf 79' lang='lat' dir='ltr'>Doc</span> <span class='ocrx_word' id='word_1_42' title='bbox 579 1344 645 1383; x_wconf 78' lang='lat' dir='ltr'>nnn</span> <span class='ocrx_word' id='word_1_43' title='bbox 666 1343 721 1383; x_wconf 81' lang='lat' dir='ltr'>ms</span> <span class='ocrx_word' id='word_1_44' title='bbox 743 1324 890 1383; x_wconf 74' lang='lat' dir='ltr'>Parmos,</span> 
     </span>
    </p>
   </div>
   <div class='ocr_carea' id='block_1_4' title="bbox 140 1490 1038 2661">
    <p class='ocr_par' dir='ltr' id='par_1_4' title="bbox 140 1490 1038 2661">
     <span class='ocr_line' id='line_1_10' title="bbox 160 1490 1034 1568; baseline 0.005 -20"><span class='ocrx_word' id='word_1_45' title='bbox 160 1508 185 1550; x_wconf 95' lang='lat'>1.</span> <span class='ocrx_word' id='word_1_46' title='bbox 210 1490 443 1551; x_wconf 79' lang='lat' dir='ltr'>Canisdomum</span> <span class='ocrx_word' id='word_1_47' title='bbox 452 1491 574 1551; x_wconf 89' lang='lat' dir='ltr'>domini</span> <span class='ocrx_word' id='word_1_48' title='bbox 586 1491 636 1550; x_wconf 80' lang='lat' dir='ltr'>eui</span> <span class='ocrx_word' id='word_1_49' title='bbox 652 1491 818 1568; x_wconf 77' lang='lat' dir='ltr'>diligenter</span> <span class='ocrx_word' id='word_1_50' title='bbox 832 1490 1034 1553; x_wconf 73' lang='lat' dir='ltr'>custodiebat.</span> 
     </span>
     <span class='ocr_line' id='line_1_11' title="bbox 156 1590 914 1666; baseline 0.005 -19"><span class='ocrx_word' id='word_1_51' title='bbox 156 1607 187 1649; x_wconf 83' lang='lat'>2.</span> <span class='ocrx_word' id='word_1_52' title='bbox 209 1590 317 1666; x_wconf 83' lang='lat' dir='ltr'>Lupus</span> <span class='ocrx_word' id='word_1_53' title='bbox 330 1594 362 1651; x_wconf 89' lang='lat' dir='ltr'>et</span> <span class='ocrx_word' id='word_1_54' title='bbox 376 1590 486 1666; x_wconf 83' lang='lat' dir='ltr'>vulpes</span> <span class='ocrx_word' id='word_1_55' title='bbox 502 1590 540 1649; x_wconf 87' lang='lat' dir='ltr'>ad</span> <span class='ocrx_word' id='word_1_56' title='bbox 555 1610 628 1648; x_wconf 87' lang='lat' dir='ltr'>eum</span> <span class='ocrx_word' id='word_1_57' title='bbox 643 1593 737 1650; x_wconf 87' lang='lat' dir='ltr'>noctu</span> <span class='ocrx_word' id='word_1_58' title='bbox 752 1591 914 1651; x_wconf 81' lang='lat' dir='ltr'>venerunt.</span> 
     </span>
     <span class='ocr_line' id='line_1_12' title="bbox 156 1689 834 1765; baseline 0.001 -18"><span class='ocrx_word' id='word_1_59' title='bbox 156 1705 185 1765; x_wconf 88' lang='grc'>3.</span> <span class='ocrx_word' id='word_1_60' title='bbox 210 1689 292 1748; x_wconf 84' lang='lat' dir='ltr'>&#39;Pom</span> <span class='ocrx_word' id='word_1_61' title='bbox 307 1690 369 1748; x_wconf 90' lang='lat' dir='ltr'>duo</span> <span class='ocrx_word' id='word_1_62' title='bbox 383 1690 520 1751; x_wconf 80' lang='lat' dir='ltr'>latrones</span> <span class='ocrx_word' id='word_1_63' title='bbox 533 1689 607 1748; x_wconf 88' lang='lat' dir='ltr'>huic</span> <span class='ocrx_word' id='word_1_64' title='bbox 622 1689 667 1749; x_wconf 88' lang='lat' dir='ltr'>ita</span> <span class='ocrx_word' id='word_1_65' title='bbox 681 1689 834 1748; x_wconf 85' lang='lat' dir='ltr'>dixerunt.</span> 
     </span>
     <span class='ocr_line' id='line_1_13' title="bbox 155 1787 868 1865; baseline 0.001 -18"><span class='ocrx_word' id='word_1_66' title='bbox 155 1804 184 1863; x_wconf 90' lang='lat'>4.</span> <span class='ocrx_word' id='word_1_67' title='bbox 213 1787 255 1847; x_wconf 89' lang='lat'>‘0</span> <span class='ocrx_word' id='word_1_68' title='bbox 270 1808 338 1848; x_wconf 88' lang='lat' dir='ltr'>care</span> <span class='ocrx_word' id='word_1_69' title='bbox 352 1788 458 1863; x_wconf 83' lang='lat' dir='ltr'>amice,</span> <span class='ocrx_word' id='word_1_70' title='bbox 476 1809 533 1848; x_wconf 82' lang='lat' dir='ltr'>nce</span> <span class='ocrx_word' id='word_1_71' title='bbox 549 1787 673 1865; x_wconf 80' lang='lat' dir='ltr'>cognati</span> <span class='ocrx_word' id='word_1_72' title='bbox 687 1787 735 1847; x_wconf 92' lang='lat' dir='ltr'>tui</span> <span class='ocrx_word' id='word_1_73' title='bbox 749 1806 868 1848; x_wconf 74' lang='lat' dir='ltr'>sumus·</span> 
     </span>
     <span class='ocr_line' id='line_1_14' title="bbox 157 1876 807 1964; baseline 0 -20"><span class='ocrx_word' id='word_1_74' title='bbox 157 1901 184 1961; x_wconf 90' lang='lat'>5.</span> <span class='ocrx_word' id='word_1_75' title='bbox 210 1876 326 1945; x_wconf 79' lang='lat' dir='ltr'>Tecum</span> <span class='ocrx_word' id='word_1_76' title='bbox 342 1887 440 1964; x_wconf 85' lang='lat' dir='ltr'>igitur</span> <span class='ocrx_word' id='word_1_77' title='bbox 452 1886 546 1947; x_wconf 89' lang='lat' dir='ltr'>amici</span> <span class='ocrx_word' id='word_1_78' title='bbox 559 1907 628 1946; x_wconf 83' lang='lat' dir='ltr'>esse</span> <span class='ocrx_word' id='word_1_79' title='bbox 642 1886 807 1946; x_wconf 64' lang='lat' dir='ltr'>volumus?</span> 
     </span>
     <span class='ocr_line' id='line_1_15' title="bbox 156 1984 1036 2046; baseline 0.003 -4"><span class='ocrx_word' id='word_1_80' title='bbox 156 1984 185 2043; x_wconf 93' lang='lat'>6.</span> <span class='ocrx_word' id='word_1_81' title='bbox 208 1984 301 2045; x_wconf 83' lang='lat' dir='ltr'>Oanis</span> <span class='ocrx_word' id='word_1_82' title='bbox 336 1989 440 2046; x_wconf 85' lang='lat' dir='ltr'>autem</span> <span class='ocrx_word' id='word_1_83' title='bbox 482 1989 627 2046; x_wconf 85' lang='lat' dir='ltr'>naturam</span> <span class='ocrx_word' id='word_1_84' title='bbox 669 1986 840 2044; x_wconf 86' lang='lat' dir='ltr'>amicornm</span> <span class='ocrx_word' id='word_1_85' title='bbox 882 2004 1036 2045; x_wconf 86' lang='lat' dir='ltr'>novorum</span> 
     </span>
     <span class='ocr_line' id='line_1_16' title="bbox 257 2084 426 2161; baseline 0.018 -19"><span class='ocrx_word' id='word_1_86' title='bbox 257 2084 426 2161; x_wconf 80' lang='lat' dir='ltr'>ignorabat.</span> 
     </span>
     <span class='ocr_line' id='line_1_17' title="bbox 158 2181 999 2261; baseline 0.001 -20"><span class='ocrx_word' id='word_1_87' title='bbox 158 2200 184 2258; x_wconf 89' lang='lat'>7.</span> <span class='ocrx_word' id='word_1_88' title='bbox 209 2181 320 2261; x_wconf 83' lang='lat' dir='ltr'>Itaque</span> <span class='ocrx_word' id='word_1_89' title='bbox 335 2185 392 2244; x_wconf 87' lang='lat' dir='ltr'>hos</span> <span class='ocrx_word' id='word_1_90' title='bbox 405 2184 444 2245; x_wconf 89' lang='lat' dir='ltr'>ad</span> <span class='ocrx_word' id='word_1_91' title='bbox 460 2204 568 2244; x_wconf 86' lang='lat' dir='ltr'>cenam</span> <span class='ocrx_word' id='word_1_92' title='bbox 582 2184 724 2261; x_wconf 85' lang='lat' dir='ltr'>proxima</span> <span class='ocrx_word' id='word_1_93' title='bbox 738 2187 829 2244; x_wconf 90' lang='lat' dir='ltr'>nocte</span> <span class='ocrx_word' id='word_1_94' title='bbox 844 2182 999 2243; x_wconf 88' lang='lat' dir='ltr'>invitavit.</span> 
     </span>
     <span class='ocr_line' id='line_1_18' title="bbox 156 2280 1038 2360; baseline 0.002 -21"><span class='ocrx_word' id='word_1_95' title='bbox 156 2280 185 2342; x_wconf 89' lang='grc'>8.</span> <span class='ocrx_word' id='word_1_96' title='bbox 210 2282 302 2343; x_wconf 88' lang='lat' dir='ltr'>Mane</span> <span class='ocrx_word' id='word_1_97' title='bbox 329 2287 436 2345; x_wconf 89' lang='lat' dir='ltr'>tamen</span> <span class='ocrx_word' id='word_1_98' title='bbox 466 2284 614 2344; x_wconf 85' lang='lat' dir='ltr'>dominus</span> <span class='ocrx_word' id='word_1_99' title='bbox 642 2285 720 2344; x_wconf 86' lang='lat' dir='ltr'>duas</span> <span class='ocrx_word' id='word_1_100' title='bbox 747 2283 879 2360; x_wconf 87' lang='lat' dir='ltr'>gallinas</span> <span class='ocrx_word' id='word_1_101' title='bbox 904 2284 1038 2360; x_wconf 83' lang='lat' dir='ltr'>reperire</span> 
     </span>
     <span class='ocr_line' id='line_1_19' title="bbox 258 2386 517 2460; baseline 0.008 -19"><span class='ocrx_word' id='word_1_102' title='bbox 258 2401 323 2442; x_wconf 91' lang='lat' dir='ltr'>non</span> <span class='ocrx_word' id='word_1_103' title='bbox 337 2386 451 2460; x_wconf 80' lang='lat' dir='ltr'>potest.</span> <span class='ocrx_word' id='word_1_104' title='bbox 515 2401 517 2404; x_wconf 72' lang='grc'>’</span> 
     </span>
     <span class='ocr_line' id='line_1_20' title="bbox 156 2480 976 2554; baseline 0.001 -14"><span class='ocrx_word' id='word_1_105' title='bbox 156 2498 184 2554; x_wconf 89' lang='lat'>9.</span> <span class='ocrx_word' id='word_1_106' title='bbox 209 2480 281 2540; x_wconf 85' lang='lat' dir='ltr'>Mox</span> <span class='ocrx_word' id='word_1_107' title='bbox 295 2483 357 2544; x_wconf 88' lang='lat' dir='ltr'>duo</span> <span class='ocrx_word' id='word_1_108' title='bbox 371 2483 465 2543; x_wconf 88' lang='lat' dir='ltr'>amici</span> <span class='ocrx_word' id='word_1_109' title='bbox 480 2483 595 2543; x_wconf 89' lang='lat' dir='ltr'>iterum</span> <span class='ocrx_word' id='word_1_110' title='bbox 611 2483 648 2542; x_wconf 87' lang='lat' dir='ltr'>ad</span> <span class='ocrx_word' id='word_1_111' title='bbox 664 2483 800 2542; x_wconf 86' lang='lat' dir='ltr'>fundum</span> <span class='ocrx_word' id='word_1_112' title='bbox 815 2484 976 2541; x_wconf 87' lang='lat' dir='ltr'>venerunt.</span> 
     </span>
     <span class='ocr_line' id='line_1_21' title="bbox 140 2581 1035 2661; baseline 0.006 -23"><span class='ocrx_word' id='word_1_113' title='bbox 140 2598 185 2641; x_wconf 90' lang='lat'>10.</span> <span class='ocrx_word' id='word_1_114' title='bbox 210 2581 1035 2661; x_wconf 79' lang='lat' dir='ltr'>Nuncautemcanisfideliscosadportamcomitatur.</span> 
     </span>
    </p>
   </div>
   <div class='ocr_carea' id='block_1_5' title="bbox 172 2901 999 2981">
    <p class='ocr_par' dir='ltr' id='par_1_5' title="bbox 172 2901 999 2981">
     <span class='ocr_line' id='line_1_22' title="bbox 172 2901 999 2981; baseline 0.004 -20"><span class='ocrx_word' id='word_1_115' title='bbox 172 2901 264 2963; x_wconf 87' lang='lat' dir='ltr'><strong>VIII.</strong></span> <span class='ocrx_word' id='word_1_116' title='bbox 309 2904 380 2963; x_wconf 77' lang='lat' dir='ltr'>Tne</span> <span class='ocrx_word' id='word_1_117' title='bbox 402 2906 472 2965; x_wconf 78' lang='lat' dir='ltr'>Doc</span> <span class='ocrx_word' id='word_1_118' title='bbox 493 2925 557 2965; x_wconf 77' lang='lat' dir='ltr'>nnn</span> <span class='ocrx_word' id='word_1_119' title='bbox 579 2925 634 2965; x_wconf 82' lang='lat' dir='ltr'>nm</span> <span class='ocrx_word' id='word_1_120' title='bbox 656 2905 795 2965; x_wconf 80' lang='lat' dir='ltr'>anrns</span> <span class='ocrx_word' id='word_1_121' title='bbox 816 2903 999 2981; x_wconf 76' lang='lat' dir='ltr'>(continued).</span> 
     </span>
    </p>
   </div>
   <div class='ocr_carea' id='block_1_6' title="bbox 157 3070 967 3345">
    <p class='ocr_par' dir='ltr' id='par_1_6' title="bbox 157 3070 967 3345">
     <span class='ocr_line' id='line_1_23' title="bbox 161 3070 862 3148; baseline 0.006 -21"><span class='ocrx_word' id='word_1_122' title='bbox 161 3087 185 3128; x_wconf 93' lang='lat'>1.</span> <span class='ocrx_word' id='word_1_123' title='bbox 210 3070 292 3129; x_wconf 84' lang='lat' dir='ltr'>Tum</span> <span class='ocrx_word' id='word_1_124' title='bbox 307 3070 418 3146; x_wconf 84' lang='lat' dir='ltr'>vulpes</span> <span class='ocrx_word' id='word_1_125' title='bbox 432 3091 573 3130; x_wconf 85' lang='lat' dir='ltr'>anserem</span> <span class='ocrx_word' id='word_1_126' title='bbox 587 3071 757 3148; x_wconf 88' lang='lat' dir='ltr'>pulchrum</span> <span class='ocrx_word' id='word_1_127' title='bbox 772 3071 862 3147; x_wconf 85' lang='lat' dir='ltr'>rapit.</span> 
     </span>
     <span class='ocr_line' id='line_1_24' title="bbox 157 3169 872 3247; baseline 0.003 -20"><span class='ocrx_word' id='word_1_128' title='bbox 157 3187 185 3229; x_wconf 88' lang='lat'>2.</span> <span class='ocrx_word' id='word_1_129' title='bbox 211 3169 320 3245; x_wconf 70' lang='lat' dir='ltr'>Lupus</span> <span class='ocrx_word' id='word_1_130' title='bbox 333 3190 456 3247; x_wconf 83' lang='lat' dir='ltr'>quoque</span> <span class='ocrx_word' id='word_1_131' title='bbox 472 3190 584 3243; x_wconf 69' lang='lat' dir='ltr'>agnam</span> <span class='ocrx_word' id='word_1_132' title='bbox 599 3173 738 3229; x_wconf 84' lang='lat' dir='ltr'>teneram</span> <span class='ocrx_word' id='word_1_133' title='bbox 753 3170 872 3229; x_wconf 88' lang='lat' dir='ltr'>occidit.</span> 
     </span>
     <span class='ocr_line' id='line_1_25' title="bbox 158 3266 967 3345; baseline -0.004 -17"><span class='ocrx_word' id='word_1_134' title='bbox 158 3287 185 3345; x_wconf 83' lang='lat'>3.</span> <span class='ocrx_word' id='word_1_135' title='bbox 210 3269 350 3328; x_wconf 79' lang='lat' dir='ltr'>Tandem</span> <span class='ocrx_word' id='word_1_136' title='bbox 365 3268 451 3329; x_wconf 81' lang='lat' dir='ltr'>canis</span> <span class='ocrx_word' id='word_1_137' title='bbox 465 3271 610 3329; x_wconf 84' lang='lat' dir='ltr'>naturam</span> <span class='ocrx_word' id='word_1_138' title='bbox 625 3270 799 3328; x_wconf 73' lang='lat' dir='ltr'>anticorum</span> <span class='ocrx_word' id='word_1_139' title='bbox 813 3266 967 3343; x_wconf 78' lang='lat' dir='ltr'>cognovit.</span> 
     </span>
    </p>
   </div>
   <div class='ocr_carea' id='block_1_7' title="bbox 0 0 1210 3642">
    <p class='ocr_par' dir='ltr' id='par_1_7' title="bbox 0 0 1210 3642">
     <span class='ocr_line' id='line_1_26' title="bbox 0 0 1210 3642; baseline 0 0"><span class='ocrx_word' id='word_1_140' title='bbox 0 0 1210 3642; x_wconf 95' lang='lat' dir='ltr'> </span> 
     </span>
    </p>
   </div>
  </div>
 </body>
</html>
