2409 3642
815 210 1123 266 SCALAE
1187 217 1491 272 PRIMAE
1963 234 2050 302 33

449 1377 677 1437 XLIV.
738 1379 879 1438 Tm:
920 1383 1046 1439 Ass
1089 1399 1154 1438 IN
1199 1400 1325 1438 'rim
1368 1381 1583 1440 L10N’s
1628 1384 1807 1442 Slus.

556 1483 684 1528 ‘Not
715 1497 861 1538 every
891 1498 983 1528 one
1015 1485 1130 1529 that
1160 1497 1276 1539 goes
1307 1483 1363 1528 in
1396 1485 1500 1541 red,

579 1542 695 1586 And
726 1557 882 1587 wears
911 1557 942 1586 a
971 1544 1167 1588 feather
1195 1545 1252 1587 in
1284 1544 1363 1588 his
1395 1544 1538 1598 head,

582 1602 719 1647 Must
739 1602 956 1657 straight
987 1617 1017 1646 a
1048 1617 1167 1647 man
1197 1603 1255 1646 of
1281 1616 1386 1646 war
1415 1605 1475 1648 be
1506 1604 1646 1648 said)

305 1687 550 1747 Asinus
579 1688 779 1748 leonis
807 1689 969 1764 pelle
999 1688 1262 1747 indutus
1288 1709 1400 1765 per
1433 1709 1683 1766 campos
1723 1693 2027 1753 currebat.

225 1786 364 1846 Hoc
402 1786 828 1863 spectaculum
869 1787 1101 1847 bestias
1129 1788 1341 1848 turbat
1376 1791 1438 1847 et
1476 1772 1768 1850 homines
1800 1793 2025 1852 terret:
2113 1824 2114 1829 κ

222 1885 519 1946 mulieres
539 1891 603 1948 et
634 1887 812 1962 pueri
841 1887 1097 1962 fugiunt
1120 1907 1135 1960 ;
1179 1906 1406 1962 pavore
1428 1888 1699 1964 perculsi
1722 1890 2025 1966 agricolae

222 1985 568 2047 discedunt.
660 1987 774 2045 -At
845 1985 1053 2045 subito
1125 1985 1295 2044 auris
1367 1986 1605 2062 iugem,
1684 2006 1841 2063 quae
1913 1988 2023 2049 diu

222 2083 503 2159 latuerat,
525 2086 778 2161 apparet
801 2086 864 2144 et
879 2075 1164 2143 'fraudem
1189 2084 1481 2159 ostendit,
1517 2083 1749 2144 falsum
1778 2085 2023 2146 leonem
2052 2107 2077 2156 5

221 2183 616 2243 denuntians
708 2184 870 2243 Tum
901 2203 1121 2243 omnes
1163 2183 1386 2242 rustici
1416 2183 1622 2242 rident
1652 2185 1716 2242 et
1742 2184 2023 2245 fustibus

220 2283 446 2340 armati
475 2282 543 2340 in
572 2283 827 2341 asinum
856 2284 1065 2342 ruunt.
1156 2282 1350 2342 Brevi
1380 2284 1655 2358 tempore
1685 2302 1832 2342 eum
1861 2284 2023 2360 pelle

220 2380 493 2456 spoliant
522 2384 588 2442 et
615 2382 684 2440 in
713 2381 1034 2441 stabulum
1065 2382 1387 2442 reducunt.

619 2567 808 2626 XLV.
873 2567 1171 2627 D1vlsmn
1218 2586 1293 2625 or
1337 2567 1538 2626 spon„

299 2701 425 2759 Leo
482 2702 545 2759 et
599 2700 816 2759 asinus
871 2702 931 2757 et
988 2698 1211 2774 vulpes
1268 2699 1336 2758 in
1392 2698 1552 2758 silva
1606 2699 2010 2760 venabantur.

217 2798 508 2876 Magnam
567 2797 860 2875 praedam
921 2796 1194 2872 capiunt.
1303 2797 1466 2856 Tum
1537 2817 1754 2857 cenam
1816 2798 2015 2858 facere

214 2897 459 2958 volunt.
555 2896 795 2956 Asinus
843 2898 1053 2954 autem
1104 2894 1400 2970 praedam
1449 2895 1697 2956 dividit.
1795 2895 2016 2957 Primo

214 2997 339 3056 sibi
397 3015 686 3073 magnam
742 2997 980 3070 partem
1036 2993 1219 3070 capit.
1350 2994 1581 3052 Statim
1645 2992 1743 3053 leo
1812 2994 2013 3077 ¹iratus

213 3097 469 3156 asinum
523 3094 800 3154 dilaniat.
918 3093 1084 3152 Tum
1139 3091 1362 3168 vulpes
1418 3093 1710 3174 praedam
1758 3081 2064 3161 dividit.'5

214 3196 333 3255 Ille
363 3197 576 3255 autem
602 3194 727 3254 fere
754 3192 970 3252 omnia
997 3191 1163 3250 leoni
1192 3190 1316 3276 dat.
1407 3189 1740 3250 Minimam
1768 3176 2008 3276 partem

283 3312 349 3348 SC.
378 3312 508 3346 Pam.
1086 3310 1128 3349 Ι)
