2409 3642
151 237 175 306 6
438 254 590 310 scanne
622 253 775 307 Parnon

172 412 201 472 4.
226 394 340 456 Statim
359 414 474 474 magno
493 415 565 455 cum
584 394 701 455 latratu
715 394 750 455 in
767 394 880 473 lupum
900 394 1056 472 impetum

275 493 357 555 facit.

173 609 201 670 5.
227 593 352 654 Interea
366 593 513 655 dominus
528 594 669 656 sonitum
683 593 781 655 audit.

171 693 203 752 6.
226 691 340 753 Statim
355 693 393 754 ad
408 694 513 754 locum
527 694 669 754 celeriter
683 693 788 754 currit.
833 745 836 753 .

174 809 200 867 7.
226 791 309 852 Turn
323 792 451 870 vulpem
465 793 627 854 verberare
641 791 751 871 coepit.

172 890 203 949 8.
225 890 389 953 Postremo
404 895 436 952 et
449 893 560 969 vulpes
573 895 606 952 et
620 893 714 969 lupus
729 891 820 952 oociai
836 894 921 952 sunt.

172 1009 201 1066 9.
227 990 288 1051 Sed
302 991 390 1051 canis
404 991 463 1051 hoc
476 993 675 1069 praeceptum
690 989 807 1052 didicit.
847 1036 850 1043 .

156 1107 201 1150 10.
227 1090 358 1152 Necesse
373 1094 421 1152 est
434 1090 553 1153 amicos
569 1110 642 1152 suos
657 1089 737 1151 bene
751 1109 943 1169 cognoscere

305 1420 363 1481 IX.
406 1419 477 1481 Tua
499 1419 634 1480 Faunae
655 1439 719 1479 nno
741 1438 797 1479 rus
818 1420 905 1480 Sors.

347 1584 392 1647 ‘ln
407 1597 482 1639 every
496 1585 568 1641 rank,
585 1598 614 1628 or
629 1587 700 1640 great
714 1597 743 1627 or
757 1583 838 1640 small,

390 1644 437 1689 'l'ie
452 1644 570 1699 industry
584 1646 701 1700 supporta
716 1656 746 1688 ua
760 1644 812 1689 all)

177 1791 200 1832 1.
225 1772 372 1850 Agricola
387 1772 543 1850 quondam
558 1772 593 1831 in
608 1772 687 1832 lecto
702 1791 759 1832 suo
772 1770 900 1831 iacebat.

174 1890 201 1930 2.
225 1871 289 1931 Diu
303 1892 394 1950 aeger
408 1872 511 1932 fuerat
524 1873 556 1932 et
570 1873 635 1932 iam
649 1891 746 1949 prope
760 1873 896 1931 mortem
910 1872 984 1932 erat

173 1989 201 2049 3.
225 1971 306 2030 Tum
321 1971 403 2031 filios
415 1971 455 2032 ad
470 1970 586 2031 lectum
601 1991 694 2031 snum
709 1972 806 2032 vocat.

174 2089 203 2146 4.
228 2070 298 2130 Hos
312 2069 423 2130 multis
437 2090 510 2129 cum
524 2070 664 2130 lacrimis
678 2072 767 2146 pater
781 2068 960 2146 alloquitur.

175 2184 205 2244 5.
228 2166 339 2227 Nullas
353 2168 440 2227 enim
454 2167 581 2229 divitias
594 2168 670 2227 filiis
685 2168 862 2245 relinquere
875 2166 986 2244 potuit.

174 2266 202 2326 6.
230 2265 419 2339 *ΕΗί111111,’
433 2266 546 2343 inquit,
568 2267 605 2325 ‘a
618 2266 707 2326 vobis
721 2285 795 2326 mox
811 2264 989 2327 discedam'

177 2383 202 2441 7.
229 2365 363 2425 ‘Omnes
377 2364 506 2425 divitiae
519 2386 607 2426 meae
619 2365 654 2424 in
668 2365 760 2425 vinca
774 2363 938 2442 relinquo'

174 2464 202 2524 8.
229 2463 389 2538 ‘Quaerite
402 2483 453 2524 eas
467 2484 583 2542 magna
597 2484 669 2524 cum
684 2463 778 2525 cura’

174 2583 201 2641 9.
226 2563 313 2624 Haec
327 2563 421 2624 verba
436 2583 530 2624 senex
546 2564 622 2624 filiis
636 2564 703 2625 suis
717 2565 807 2626 dixit.

157 2680 203 2722 1o.
228 2661 300 2722 Non
314 2662 416 2724 multo
430 2665 503 2741 post
516 2662 652 2743 agricola
666 2665 811 2725 mortuus
827 2664 884 2724 est.
993 2693 997 2698 ·

204 2952 251 3051 Χ
295 2992 366 3052 Tur
388 2991 521 3051 Flamen
542 2968 607 3051 nnn
629 3012 684 3053 nis
705 2993 785 3054 Sors
805 2990 991 3067 (continued).

178 3182 202 3224 1.
227 3166 333 3227 Primo
348 3167 407 3227 lilii
420 3168 532 3227 umenti
546 3170 668 3244 patrem
683 3167 900 3245 sepeliverrmt.

175 3278 201 3316 2.
227 3262 347 3324 Deinde
364 3264 547 3325 thesaurum
563 3267 597 3325 in
612 3267 703 3327 vinea
715 3269 878 3345 quaeruut.
