2409 3642
192 228 258 320 38'
475 244 629 299 sennen
660 244 811 298 uulnus

164 390 223 457 5et
249 405 354 446 seeum
375 387 420 447 sio
441 386 529 463 loqui
551 386 661 464 eoepit.
706 387 790 464 ‘Ego
812 385 894 447 nihil
916 386 1009 447 hodie
1031 386 1092 448 edi.

193 488 322 564 Oportet
347 507 398 547 me
423 486 517 546 illum
540 506 667 546 caseum
691 486 833 547 auferre?
875 486 958 546 Tum
984 485 1107 567 vulpes

193 604 323 647 corvum
337 587 383 646 sio
402 585 537 645 allocuta
553 589 609 646 est.
657 586 750 659 ‘Ave
768 585 895 644 domine
908 585 932 645 !’
975 585 1097 646 Corvus

193 687 300 746 autem
328 685 410 744 nihil
439 685 607 761 respondit.
667 684 793 759 ‘Notus
823 688 859 744 ut
888 703 945 760 ego
974 683 1095 761 opinor,

193 784 287 845 hodie
310 785 383 844 flat?
425 784 547 844 Iterum
569 802 681 842 corvus
703 782 825 842 nullum
850 803 959 843 voeem
983 782 1093 843 edidit.

151 901 181 936 10
197 883 385 960 ‘Splendida
408 883 520 943 messis
542 882 678 943 eioerum
702 883 738 943 in
758 883 843 958 agris
865 883 933 943 est!
975 883 1097 943 Corvus

195 986 300 1043 temen
322 982 449 1043 tacebat.

254 1242 336 1305 LIV.
368 1242 439 1302 'Pur
461 1239 527 1301 Fox
548 1260 614 1302 nur>
635 1262 698 1302 run
720 1244 831 1304 anuu
852 1243 1038 1320 (continued).

235 1378 318 1438 Tum
343 1378 473 1438 demum
493 1375 606 1452 vulpes
627 1377 757 1437 alteram
778 1378 865 1439 viem
886 1382 1016 1456 experte
1040 1381 1096 1455 est,

194 1489 255 1554 que
289 1476 449 1536 volucrem
484 1477 686 1552 oppugnaret.
753 1478 796 1538 ίΟ
832 1478 944 1552 corve,'
981 1478 1097 1556 inquit,

196 1577 354 1653 ‘quantus
374 1576 422 1634 est
443 1573 529 1634 nitor
549 1576 676 1635 tuarum
697 1578 891 1652 pennarum!
935 1576 1100 1652 Quantum

195 1674 315 1734 decoris
336 1674 370 1732 in
390 1692 516 1748 eorpore
534 1674 565 1732 et
585 1673 620 1731 in
637 1674 728 1734 vultu
746 1675 848 1751 geris!
891 1675 950 1735 Est
971 1676 1042 1751 tibi,
1064 1680 1100 1737 ut

166 1791 179 1841 5
196 1774 294 1849 aiunt,
307 1792 368 1833 vox
380 1770 646 1848 splendidissima.
682 1772 803 1849 Nonne,
820 1793 941 1851 quaeso,
956 1774 1101 1835 cantabis

197 1890 298 1932 unum
323 1871 417 1932 modo
440 1890 479 1930 ex
502 1871 568 1930 tuis
595 1871 738 1949 pulchris
767 1872 1003 1933 carminibus‘?'
1035 1856 1100 1935 “At

195 1971 322 2047 stultus,
352 1971 430 2030 dum
457 1990 567 2031 vocem
594 1969 756 2031 ostendere
784 1971 863 2046 vult,
895 1991 1020 2032 caseum
1048 1992 1102 2033 ore

196 2070 312 2144 emisit,
326 2090 421 2148 quem
433 2069 574 2129 celeriter
588 2068 691 2129 avidis
706 2069 854 2129 dentibus
868 2069 975 2130 dolosa
988 2070 1102 2148 vulpes

196 2170 312 2245 rapuit.
354 2170 430 2229 Sero
450 2169 537 2228 enim
558 2168 612 2228 dat
633 2187 757 2245 poenas,
781 2169 837 2247 qui
857 2168 964 2230 verbis
985 2169 1102 2230 dolosis

154 2289 184 2326 ιο
197 2267 318 2328 laudari
331 2266 455 2344 gaudet.

361 2538 426 2600 LV.
458 2538 491 2598 A
512 2538 636 2598 annur
657 2556 762 2597 Asour
783 2556 805 2597 A
826 2537 933 2599 Sum.
992 2530 994 2533 ’

239 2673 324 2734 Olim
354 2674 437 2733 inter
466 2673 624 2733 Romanos
659 2669 709 2730 vir
739 2669 993 2746 sapientissimus
1022 2675 1099 2734 erat.

197 2771 310 2849 Itaque
337 2772 433 2832 multi
461 2769 608 2831 homines
636 2787 710 2827 eum
733 2768 772 2828 de
799 2767 893 2828 rebus
922 2767 1103 2837 difficilibus

199 2869 359 2931 consulere
400 2869 553 2932 solebant.
615 2866 799 2945 Aliquando
840 2870 948 2927 autem
987 2868 1104 2946 hospes

199 2970 328 3047 quidam
362 2970 460 3047 venit,
491 2967 547 3046 qui
578 2986 611 3026 se
643 2964 813 3024 doctiorem
848 2966 998 3027 omnibus
1029 2968 1105 3029 eliis

169 3070 330 3145 sputevit.
389 3069 472 3129 Tum
492 3067 607 3142 hospes
632 3064 666 3122 in
688 3065 845 3123 certamen
866 3083 940 3124 eum
962 3066 1103 3129 Romano

199 3169 236 3227 de
261 3167 415 3243 sapientie
439 3166 520 3225 inire
541 3163 653 3225 voluit.
707 3160 817 3221 Primo
840 3165 947 3223 autem
970 3167 1104 3243 uterque

198 3286 346 3342 magnam
379 3265 545 3342 pecuniam
574 3259 725 3337 deposuit.
783 3259 891 3320 Viotor
921 3264 1105 3323 certaminis
