2409 3642
163 220 208 308 64
447 231 602 286 scanne
633 229 787 284 rarnnr

164 375 344 435 certaminis
367 371 533 451 Olympici,
556 372 591 432 in
612 372 695 450 quod
716 370 938 451 quadrigarum
959 390 1073 431 currus

164 474 310 549 miserat3
345 473 427 551 quod
455 491 549 532 omen
578 471 797 532 universarum
825 473 981 531 terrarum
1009 471 1072 531 vic·

136 593 150 643 5
164 572 280 632 teriam
293 571 408 632 infanti
422 569 636 649 portendebat.
661 573 798 649 Accepto
809 569 921 631 deinde
934 568 1071 646 imperio

164 691 269 749 regem
297 691 330 732 se
361 674 517 732 terrarum
544 670 689 730 omnium
718 690 754 731 ac
781 669 894 731 mundi
921 669 1071 747 appellari

164 771 256 833 iussit
269 773 451 850 tantamque
466 770 616 830 fiduciam
630 770 679 830 sui
693 770 849 831 militibus
863 770 947 844 fecit,
965 768 1070 829 utillo

164 873 327 949 praesente
342 869 463 930 nullius
474 868 576 930 hostis
590 888 678 929 arma
692 889 792 946 neque
808 869 945 929 inermes
956 869 1069 929 timue-

165 970 237 1031 rint.
282 970 392 1047 Itaque
412 987 485 1029 cum
504 968 593 1028 nullo
614 968 755 1029 hostium
768 988 909 1047 unquam
926 986 1069 1046 congres-

123 1089 219 1131 rosus
236 1070 292 1145 est,
310 1089 404 1147 quem
423 1087 487 1127 non
505 1067 635 1142 vicerit;
660 1068 782 1128 nullam
803 1067 913 1129 urbem
935 1067 1065 1144 obsedit,

165 1188 259 1248 quam
291 1187 354 1228 non
385 1168 631 1243 expugnaverit3
665 1168 787 1227 nullam
818 1169 945 1245 gentem
979 1166 1068 1242 adiit,

164 1288 258 1347 quam
273 1287 336 1327 non
350 1266 522 1327 calcaverit.
550 1265 663 1326 Victus
672 1265 807 1344 denique
821 1267 860 1326 ad
875 1270 1069 1343 postremum

164 1369 212 1426 est
226 1385 290 1426 non
300 1365 418 1427 virtute
431 1364 548 1442 hostili,
561 1365 616 1426 sed
631 1363 756 1426 insidiis
770 1384 900 1427 suorum
915 1368 946 1426 et
960 1365 1069 1426 fraude

164 1465 258 1526 civill

267 1676 381 1739 xoln
412 1677 564 1737 Ouasaa's
585 1676 740 1737 Iuvasror
761 1696 799 1737 or
820 1678 970 1738 Barrnrr.

206 1811 325 1887 Caesar,
350 1812 460 1870 nactus
483 1809 629 1869 idoneam
650 1810 689 1870 ad
712 1809 928 1887 navigandum
952 1813 1069 1886 tempe

166 1912 288 1985 statem,
302 1929 341 1969 ex
352 1908 457 1969 Gallia
466 1909 623 1986 profectus
633 1912 681 1969 est
695 1913 728 1969 et
739 1909 941 1969 Britanniam
950 1907 1064 1983 attigit.

164 2009 210 2069 At
228 2007 377 2068 Britanni
396 2007 555 2068 Romanos
574 2006 708 2068 nauibus
727 2006 833 2084 egredi
850 2005 1065 2083 prohibebant.

165 2106 319 2168 Militibus
346 2106 499 2166 Romanis
532 2105 760 2182 cunctantibus,
792 2105 820 2165 is
848 2105 904 2184 qui
931 2103 1069 2164 decimae

138 2205 299 2283 elegionis
326 2204 464 2283 aquilam
491 2204 618 2281 ferebat,
648 2205 770 2282 inquit:
804 2204 961 2279 ‘Desilita
986 2222 1067 2262 com-

165 2304 333 2378 militones,
364 2304 427 2364 nisi
454 2304 552 2364 vultis
583 2303 722 2382 aquilam
751 2303 893 2364 hostibus
927 2302 1064 2381 prodere.

165 2405 232 2480 Ego
260 2406 343 2464 certe
367 2403 566 2480 Reipublicae
592 2406 686 2481 atque
714 2402 902 2479 Imperatori
930 2402 1067 2464 officium

165 2521 273 2562 meum
293 2501 495 2580 praestitero’

188 2735 240 2817 ¹O.
270 2734 422 2795 Gaasaa’s
443 2734 597 2797 Iuvasror
619 2753 658 2795 or
678 2735 818 2795 Barranr
839 2733 1025 2810 (continued).

206 2859 277 2919 Hoc
291 2878 363 2919 oum
374 2876 488 2935 magna
498 2879 572 2919 voce
583 2859 724 2935 dixisset,
736 2880 774 2920 ex
788 2860 862 2919 navi
877 2880 910 2919 se
924 2859 1066 2938 proiecit,

165 2961 258 3036 atque
277 2957 312 3016 in
328 2956 436 3016 hostes
449 2956 587 3033 aquilam
600 2957 680 3018 fene
695 2958 803 3034 coepit.
848 2958 930 3017 Tum
948 2958 1067 3018 milites

166 3056 305 3117 universi
328 3075 365 3114 ex
390 3055 464 3114 navi
490 3053 693 3117 desiluerunt.
749 3056 931 3132 Pugnatum
955 3060 1004 3117 est
1027 3057 1067 3116 ab

167 3155 307 3231 utrisque
341 3153 468 3214 fortiter.
524 3154 660 3214 Romani
693 3158 809 3230 tamen,
846 3155 930 3233 quod
965 3176 1066 3234 neque

141 3272 154 3321 5
168 3252 292 3310 ordines
301 3269 432 3326 serrare,
445 3271 545 3329 neque
555 3252 688 3313 firmiter
699 3251 852 3328 insistere,
864 3273 965 3333 neque
976 3255 1001 3313 si
1004 3275 1066 3333 gna
