2409 3642
192 183 236 249 62
476 197 631 253 sennua
663 198 816 252 rainer

277 387 362 449 XCV
363 389 389 448 Ι.
420 389 620 448 Annxauuan
640 409 703 449 rna
725 391 843 464 Graan,
869 389 956 450 Kms
977 408 1016 449 or

542 488 744 549 Mecenoum.

235 612 351 687 Quarto
385 612 434 671 die
465 612 645 675 Alexander
679 613 816 671 mortem
849 611 1099 690 appropinquare

193 711 342 787 sentiens,
366 710 446 771 dixit
470 730 503 770 se
524 710 625 770 fatum
651 710 764 771 domus
787 709 944 772 maiorum
968 730 1097 771 suorum

193 829 367 888 agnoscere,
390 829 466 869 nam
486 809 624 886 plerique
645 810 855 870 Aeacidarum
879 809 964 870 intra
983 809 1118 870 tricesi-

195 929 285 970 mum
298 928 418 970 annum
429 908 546 968 mortui
560 911 658 970 erant.
698 909 869 969 Tumultus
882 908 994 969 deinde
1009 911 1098 969 ortus

166 1012 242 1077 5est
263 1008 347 1069 inter
365 1007 484 1068 milites
504 1007 559 1085 qui
577 1009 729 1085 suspicati
751 1012 826 1069 sunt
847 1028 952 1086 regem
973 1007 1098 1069 insidiis

193 1106 306 1185 perire.
348 1106 409 1166 Ille
429 1109 544 1183 autem,
562 1107 702 1184 prolatus
722 1107 756 1166 in
778 1107 989 1168 editissimum
1011 1108 1097 1169 urbis
1200 1144 1201 1155 κ

194 1208 307 1282 locum,
330 1225 439 1267 omnes
459 1207 497 1267 ad
519 1210 722 1282 conspectum
746 1226 841 1266 suum
864 1207 1002 1282 admisit,
1026 1208 1097 1267 dex·

194 1309 336 1384 tramque
350 1324 441 1365 suam
454 1304 602 1365 flentibus
616 1305 819 1366 osculandam
832 1306 978 1382 porrexit.
1015 1307 1096 1368 Oum

194 1405 394 1466 lacrimarent
409 1423 527 1480 omnes,
544 1405 611 1480 ipse
630 1425 696 1465 non
714 1405 783 1464 sine
800 1404 946 1465 lacrimis
958 1408 1096 1480 tantum,

151 1526 182 1563 ιο
194 1524 304 1565 verum
326 1504 393 1564 sine
415 1504 481 1563 ullo
500 1503 649 1564 tristioris
670 1505 787 1564 mentis
811 1507 996 1582 argumento
1015 1504 1095 1579 fuit3

193 1604 268 1664 adeo
293 1603 374 1664 sicut
398 1603 432 1662 in
460 1602 591 1678 hostem,
617 1603 661 1663 ita
687 1605 717 1663 et
742 1604 775 1662 in
800 1606 936 1664 mortem
959 1604 1095 1666 invictus

193 1702 319 1762 animus
340 1703 407 1763 fuit.

263 1897 396 1962 XcVII.
427 1900 626 1960 Annxsrnnn
647 1918 710 1959 rua
732 1899 851 1975 (lanan,
877 1900 964 1961 Kme
988 1920 1027 1960 or

446 1999 639 2059 Macnnorra
661 2001 846 2076 (continued).

234 2123 380 2184 Dimissis
401 2122 559 2184 militibus
570 2124 806 2186 circumstantes
824 2124 941 2186 amicos
962 2125 1093 2204 rogavit,

192 2243 270 2283 num
304 2223 443 2283 similem
476 2222 537 2283 sihi
572 2243 679 2303 regem
714 2225 868 2301 reperturi
902 2226 1092 2290 viderentur.
1200 2272 1201 2275 ,

192 2324 311 2400 Corpus
331 2341 424 2383 suurn
449 2322 483 2382 in
506 2322 677 2382 Ammonis
700 2323 856 2401 templum
876 2325 969 2385 condi
990 2325 1091 2389 iussit.
1127 2378 1129 2383 .

191 2422 271 2482 Cum
302 2421 432 2481 deficere
463 2440 537 2480 eum
567 2421 661 2481 amici
691 2422 844 2498 viderent,
872 2424 1095 2503 quaesiverunt

162 2548 175 2597 5
190 2541 285 2600 quem
298 2520 422 2598 imperii
435 2519 582 2581 heredem
597 2522 719 2582 faceret.
762 2523 937 2600 Respondit
951 2524 1094 2601 dignissi-

190 2641 289 2682 mum.
335 2620 457 2698 Quippe
478 2620 565 2681 nefas
585 2640 654 2682 esse
674 2622 798 2700 putavit
812 2623 881 2683 viro
898 2624 974 2684 forti
995 2624 1094 2685 alium

189 2741 284 2800 quam
298 2721 404 2781 virum
418 2721 534 2780 fortem
551 2722 727 2796 succedere,
741 2724 796 2782 aut
809 2722 892 2782 tanti
911 2723 1001 2800 regni
1018 2744 1094 2800 opes

189 2820 259 2880 aliis
280 2840 374 2898 quam
394 2820 535 2899 probatis
556 2820 700 2899 relinqui.
749 2821 856 2881 Mense
877 2822 973 2882 Iunio
993 2841 1093 2884 annos

189 2921 283 2980 natus
302 2920 365 2979 tres
386 2924 417 2981 et
438 2920 577 2997 triginta,
601 2922 745 2980 mortuus
765 2923 812 2981 est
833 2920 1022 2997 Alexander,
1042 2923 1093 2983 vir

148 3043 178 3080 ro
189 3038 283 3097 supra
294 3019 465 3082 humanam
475 3019 648 3097 potentiam
663 3019 880 3096 magnitudine
894 3021 993 3081 animi
1007 3041 1092 3097 prae·

189 3118 282 3179 ditus.
328 3119 429 3178 Nemo
449 3118 535 3178 enim
555 3138 611 3195 per
628 3122 728 3179 totam
742 3121 870 3195 gentem
884 3119 1091 3180 Aeacidarum
1200 3168 1201 3193 ,

188 3216 227 3275 ab
252 3216 365 3277 ultima
389 3215 581 3277 saeculorum
606 3216 758 3277 memoria
782 3217 893 3278 clarior
918 3237 1012 3296 quam
1037 3217 1090 3278 ille
