2409 3642
853 232 1158 286 smmi:
1226 231 1533 284 PRIMAE
2013 241 2035 284 ι
2050 238 2090 304 5

701 1310 875 1354 Bonan
907 1309 1148 1353 Sonmtns
1182 1322 1232 1352 m
1265 1309 1462 1352 ΒΑτηι
1492 1310 1676 1356 ΑιικΛῑ.

289 1449 432 1509 XX.
518 1448 660 1508 Tm:
703 1448 951 1508 Cousm.
995 1465 1354 1506 sncmmcns
1397 1465 1674 1507 musam?
1723 1448 2088 1525 (continued).

335 1583 383 1626 1.

329 1781 387 1825 2.

332 2279 406 2421 g.
439 2359 613 2434 Quod
647 2359 754 2419 ubi
782 2358 1090 2435 cognovit,
1120 2356 1352 2416 Decius
1378 2356 1597 2416 consul
1620 2356 1767 2416 deos
1788 2360 2095 2433 precatur.

335 2478 388 2538 7.

333 2658 390 2719 8.

335 2876 391 2932 9.

302 3072 394 3113 10.

302 3170 392 3212 11.

302 3368 392 3411 12.

432 1564 712 1625 Tandem
754 1562 1044 1623 consules
1078 1561 1145 1621 in
1180 1562 1376 1621 aciem
1411 1561 1643 1622 milites
1683 1584 1828 1624 suos
1872 1564 2093 1623 eduxe-

533 1667 698 1724 runt.

435 1763 795 1840 Pugnatum
843 1765 938 1821 cst
988 1761 1155 1822 haud
1209 1761 1425 1837 procul
1475 1760 1791 1822 radicibus
1831 1762 2096 1822 Vesuvii

535 1862 786 1923 montis.

332 1981 396 2039 3.
437 1962 654 2022 Primo
681 1960 998 2039 utrimque
1031 1958 1245 2036 aequis
1274 1959 1519 2021 viribus
1548 1980 1645 2021 res
1672 1961 2014 2037 gerebatur.

332 2080 395 2138 4.

438 2059 675 2121 Deinde
696 2060 967 2120 Romani
988 2059 1271 2119 hostium
1291 2058 1601 2136 impetum
1629 2059 1940 2119 sustinere
1963 2079 2091 2117 non

533 2162 890 2239 potuerunt.

436 2260 540 2320 Ab
567 2259 745 2320 laevo
771 2278 964 2318 cornu
993 2257 1217 2335 pedem
1245 2257 1473 2317 referre
1500 2260 1849 2334 coeperunt.

435 2458 600 2519 Tum
643 2458 710 2517 in
752 2477 982 2534 equum
1025 2455 1227 2515 insilit
1271 2457 1457 2532 atque
1500 2456 1566 2515 in
1607 2455 1845 2515 medios
1886 2456 2097 2517 hostes

539 2557 735 2617 irruit.
1772 2570 1775 2574 '

440 2657 734 2733 Undique
773 2654 940 2715 viam
980 2654 1142 2713 ferro
1176 2654 1329 2714 facit
1368 2657 1431 2713 et
1467 2653 1755 2714 hostibus
1793 2657 2094 2715 terrorem

537 2754 729 2814 inicit.

438 2853 719 2915 Tandem
781 2873 929 2913 vero
988 2851 1362 2913 vulneribus
1418 2852 1735 2913 confectus
1802 2873 1878 2911 ex
1935 2873 2095 2928 equo

538 2952 781 3013 decidit.

445 3052 709 3112 Romani
739 3054 952 3111 tamen
984 3051 1306 3112 victoriam
1336 3051 1512 3111 facile
1542 3053 2035 3129 reportaverunt.

440 3150 698 3211 Postero
716 3149 814 3209 die
832 3149 1005 3209 Decii
1027 3169 1251 3226 corpus
1274 3149 1439 3209 inter
1465 3153 1738 3226 stragem
1761 3150 2096 3210 inventum

539 3252 650 3310 est.

441 3349 660 3411 Funus
689 3370 800 3427 par
828 3348 1050 3410 mortis
1077 3348 1311 3426 gloriae
1341 3350 1576 3408 factum
1604 3348 1717 3406 est.
