<?xml version="1.0" encoding="UTF-8"?>
<!DOCTYPE html PUBLIC "-//W3C//DTD XHTML 1.0 Transitional//EN"
    "http://www.w3.org/TR/xhtml1/DTD/xhtml1-transitional.dtd">
<html xmlns="http://www.w3.org/1999/xhtml" xml:lang="en" lang="en">
 <head>
  <title>
</title>
<meta http-equiv="Content-Type" content="text/html;charset=utf-8" />
  <meta name='ocr-system' content='tesseract 3.04.00' />
  <meta name='ocr-capabilities' content='ocr_page ocr_carea ocr_par ocr_line ocrx_word'/>
</head>
<body>
  <div class='ocr_page' id='page_1' title='image "./scalaeprimaeafi00spengoog_0061.png"; bbox 0 0 2409 3642; ppageno 0'>
   <div class='ocr_carea' id='block_1_1' title="bbox 287 1410 902 1505">
    <p class='ocr_par' dir='ltr' id='par_1_1' title="bbox 287 1410 902 1505">
     <span class='ocr_line' id='line_1_1' title="bbox 287 1410 902 1505; baseline 0.005 -35"><span class='ocrx_word' id='word_1_1' title='bbox 287 1410 438 1471; x_wconf 86' lang='lat' dir='ltr'><strong>LXVIII.</strong></span> <span class='ocrx_word' id='word_1_2' title='bbox 470 1412 540 1470; x_wconf 73' lang='lat' dir='ltr'>rna</span> <span class='ocrx_word' id='word_1_3' title='bbox 562 1411 629 1472; x_wconf 83' lang='lat' dir='ltr'>Fox</span> <span class='ocrx_word' id='word_1_4' title='bbox 651 1433 684 1471; x_wconf 84' lang='lat' dir='ltr'>m</span> <span class='ocrx_word' id='word_1_5' title='bbox 707 1433 769 1505; x_wconf 68' lang='lat' dir='ltr'>rim</span> <span class='ocrx_word' id='word_1_6' title='bbox 791 1414 902 1474; x_wconf 79' lang='lat' dir='ltr'>Wma.</span> 
     </span>
    </p>
   </div>
   <div class='ocr_carea' id='block_1_2' title="bbox 141 1542 1090 2508">
    <p class='ocr_par' dir='ltr' id='par_1_2' title="bbox 141 1542 1090 2508">
     <span class='ocr_line' id='line_1_2' title="bbox 184 1542 1044 1627; baseline 0.003 -24"><span class='ocrx_word' id='word_1_7' title='bbox 184 1542 303 1627; x_wconf 82' lang='lat' dir='ltr'>Vulpes</span> <span class='ocrx_word' id='word_1_8' title='bbox 316 1542 351 1602; x_wconf 91' lang='lat' dir='ltr'>in</span> <span class='ocrx_word' id='word_1_9' title='bbox 365 1543 496 1620; x_wconf 87' lang='lat' dir='ltr'>puteum</span> <span class='ocrx_word' id='word_1_10' title='bbox 511 1543 607 1604; x_wconf 79' lang='lat' dir='ltr'>inscia</span> <span class='ocrx_word' id='word_1_11' title='bbox 622 1544 781 1621; x_wconf 75' lang='lat' dir='ltr'>inciderat,</span> <span class='ocrx_word' id='word_1_12' title='bbox 798 1566 836 1605; x_wconf 88' lang='lat' dir='ltr'>ex</span> <span class='ocrx_word' id='word_1_13' title='bbox 851 1566 912 1624; x_wconf 88' lang='lat' dir='ltr'>que</span> <span class='ocrx_word' id='word_1_14' title='bbox 922 1546 1044 1606; x_wconf 82' lang='lat' dir='ltr'>altioris</span> 
     </span>
     <span class='ocr_line' id='line_1_3' title="bbox 143 1642 1042 1720; baseline 0.003 -20"><span class='ocrx_word' id='word_1_15' title='bbox 143 1642 296 1718; x_wconf 80' lang='lat' dir='ltr'><strong>marginis</strong></span> <span class='ocrx_word' id='word_1_16' title='bbox 320 1661 428 1702; x_wconf 80' lang='lat' dir='ltr'><strong>caussa</strong></span> <span class='ocrx_word' id='word_1_17' title='bbox 452 1661 610 1718; x_wconf 81' lang='lat' dir='ltr'>emergere</span> <span class='ocrx_word' id='word_1_18' title='bbox 638 1664 702 1703; x_wconf 89' lang='lat' dir='ltr'>non</span> <span class='ocrx_word' id='word_1_19' title='bbox 730 1646 859 1720; x_wconf 84' lang='lat' dir='ltr'>poterat.</span> <span class='ocrx_word' id='word_1_20' title='bbox 903 1645 976 1705; x_wconf 82' lang='lat' dir='ltr'>Mox</span> <span class='ocrx_word' id='word_1_21' title='bbox 1004 1645 1042 1704; x_wconf 87' lang='lat' dir='ltr'>ad</span> 
     </span>
     <span class='ocr_line' id='line_1_4' title="bbox 143 1740 1043 1803; baseline 0.003 -4"><span class='ocrx_word' id='word_1_22' title='bbox 143 1741 278 1800; x_wconf 87' lang='lat' dir='ltr'>eundem</span> <span class='ocrx_word' id='word_1_23' title='bbox 291 1742 397 1802; x_wconf 81' lang='lat' dir='ltr'>lecum</span> <span class='ocrx_word' id='word_1_24' title='bbox 411 1740 500 1802; x_wconf 89' lang='lat' dir='ltr'>venit</span> <span class='ocrx_word' id='word_1_25' title='bbox 514 1740 620 1803; x_wconf 84' lang='lat' dir='ltr'>hireue</span> <span class='ocrx_word' id='word_1_26' title='bbox 635 1742 744 1802; x_wconf 83' lang='lat' dir='ltr'>sitiens</span> <span class='ocrx_word' id='word_1_27' title='bbox 758 1745 790 1802; x_wconf 89' lang='lat' dir='ltr'>et</span> <span class='ocrx_word' id='word_1_28' title='bbox 804 1743 900 1802; x_wconf 83' lang='lat' dir='ltr'>simul</span> <span class='ocrx_word' id='word_1_29' title='bbox 915 1743 1043 1803; x_wconf 67' lang='lat' dir='ltr'>interra</span> 
     </span>
     <span class='ocr_line' id='line_1_5' title="bbox 143 1832 1090 1919; baseline 0.004 -20"><span class='ocrx_word' id='word_1_30' title='bbox 143 1841 245 1915; x_wconf 86' lang='lat' dir='ltr'>gavit:</span> <span class='ocrx_word' id='word_1_31' title='bbox 270 1840 371 1900; x_wconf 88' lang='lat' dir='ltr'>‘Num</span> <span class='ocrx_word' id='word_1_32' title='bbox 392 1860 471 1918; x_wconf 86' lang='lat' dir='ltr'><strong>aqua</strong></span> <span class='ocrx_word' id='word_1_33' title='bbox 493 1832 593 1901; x_wconf 74' lang='lat' dir='ltr'>dulcia</span> <span class='ocrx_word' id='word_1_34' title='bbox 615 1842 703 1902; x_wconf 83' lang='lat' dir='ltr'>eet?&#39;</span> <span class='ocrx_word' id='word_1_35' title='bbox 744 1843 912 1919; x_wconf 80' lang='lat' dir='ltr'>Extemplo</span> <span class='ocrx_word' id='word_1_36' title='bbox 931 1843 1047 1919; x_wconf 60' lang='lat' dir='ltr'>vulpes&gt;</span> <span class='ocrx_word' id='word_1_37' title='bbox 1088 1837 1090 1839; x_wconf 33' lang='lat'><strong><em>¹</em></strong></span> 
     </span>
     <span class='ocr_line' id='line_1_6' title="bbox 142 1937 1069 2017; baseline 0.005 -21"><span class='ocrx_word' id='word_1_38' title='bbox 142 1937 283 1998; x_wconf 82' lang='lat' dir='ltr'>fraudem</span> <span class='ocrx_word' id='word_1_39' title='bbox 311 1959 418 2015; x_wconf 88' lang='lat' dir='ltr'>parare</span> <span class='ocrx_word' id='word_1_40' title='bbox 440 1940 542 2016; x_wconf 84' lang='lat' dir='ltr'>eoepit</span> <span class='ocrx_word' id='word_1_41' title='bbox 566 1942 603 1999; x_wconf 86' lang='lat' dir='ltr'>ut</span> <span class='ocrx_word' id='word_1_42' title='bbox 625 1960 661 1998; x_wconf 85' lang='lat' dir='ltr'>ex</span> <span class='ocrx_word' id='word_1_43' title='bbox 687 1943 782 2017; x_wconf 88' lang='lat' dir='ltr'>puteo</span> <span class='ocrx_word' id='word_1_44' title='bbox 809 1941 878 2017; x_wconf 87' lang='lat' dir='ltr'>ipsa</span> <span class='ocrx_word' id='word_1_45' title='bbox 905 1942 1069 2017; x_wconf 83' lang='lat' dir='ltr'>effugere5</span> 
     </span>
     <span class='ocr_line' id='line_1_7' title="bbox 142 2037 1053 2116; baseline 0.004 -21"><span class='ocrx_word' id='word_1_46' title='bbox 142 2039 255 2113; x_wconf 83' lang='lat' dir='ltr'>posset.</span> <span class='ocrx_word' id='word_1_47' title='bbox 293 2038 381 2096; x_wconf 76' lang='lat' dir='ltr'>Tum</span> <span class='ocrx_word' id='word_1_48' title='bbox 395 2037 450 2097; x_wconf 90' lang='lat' dir='ltr'>illa</span> <span class='ocrx_word' id='word_1_49' title='bbox 465 2039 643 2116; x_wconf 78' lang='lat' dir='ltr'>respondit:</span> <span class='ocrx_word' id='word_1_50' title='bbox 670 2039 856 2114; x_wconf 76' lang='lat' dir='ltr'>‘Descende‚</span> <span class='ocrx_word' id='word_1_51' title='bbox 867 2039 913 2109; x_wconf 86' lang='lat' dir='ltr'>mi</span> <span class='ocrx_word' id='word_1_52' title='bbox 922 2040 1022 2099; x_wconf 80' lang='lat' dir='ltr'>amice</span> <span class='ocrx_word' id='word_1_53' title='bbox 1033 2062 1053 2115; x_wconf 64' lang='grc' dir='ltr'>ς’</span> 
     </span>
     <span class='ocr_line' id='line_1_8' title="bbox 141 2132 1040 2214; baseline 0.007 -21"><span class='ocrx_word' id='word_1_54' title='bbox 141 2137 208 2194; x_wconf 88' lang='lat' dir='ltr'>tam</span> <span class='ocrx_word' id='word_1_55' title='bbox 232 2132 331 2195; x_wconf 78' lang='lat' dir='ltr'>dulcia</span> <span class='ocrx_word' id='word_1_56' title='bbox 356 2138 404 2194; x_wconf 85' lang='lat' dir='ltr'>est</span> <span class='ocrx_word' id='word_1_57' title='bbox 425 2156 512 2212; x_wconf 83' lang='lat' dir='ltr'><strong>aqua,</strong></span> <span class='ocrx_word' id='word_1_58' title='bbox 537 2140 572 2196; x_wconf 92' lang='lat' dir='ltr'>ut</span> <span class='ocrx_word' id='word_1_59' title='bbox 596 2137 831 2214; x_wconf 79' lang='lat' dir='ltr'>veluptas&#39;mea</span> <span class='ocrx_word' id='word_1_60' title='bbox 851 2137 956 2198; x_wconf 84' lang='lat' dir='ltr'>satiari</span> <span class='ocrx_word' id='word_1_61' title='bbox 977 2159 1040 2199; x_wconf 83' lang='lat' dir='ltr'>nen</span> 
     </span>
     <span class='ocr_line' id='line_1_9' title="bbox 141 2225 1040 2312; baseline 0.004 -19"><span class='ocrx_word' id='word_1_62' title='bbox 141 2232 247 2309; x_wconf 75' lang='lat' dir='ltr'>pessit.</span> <span class='ocrx_word' id='word_1_63' title='bbox 288 2234 358 2310; x_wconf 81' lang='lat' dir='ltr'>Age</span> <span class='ocrx_word' id='word_1_64' title='bbox 371 2253 452 2309; x_wconf 82' lang='lat' dir='ltr'>vere,</span> <span class='ocrx_word' id='word_1_65' title='bbox 470 2237 501 2293; x_wconf 86' lang='lat' dir='ltr'>te</span> <span class='ocrx_word' id='word_1_66' title='bbox 515 2235 550 2294; x_wconf 91' lang='lat' dir='ltr'>in</span> <span class='ocrx_word' id='word_1_67' title='bbox 564 2225 695 2312; x_wconf 76' lang='lat' dir='ltr'>puterim</span> <span class='ocrx_word' id='word_1_68' title='bbox 711 2236 867 2297; x_wconf 85' lang='lat' dir='ltr'>immitte:</span> <span class='ocrx_word' id='word_1_69' title='bbox 889 2236 1040 2297; x_wconf 82' lang='lat' dir='ltr'>iudicabis</span> 
     </span>
     <span class='ocr_line' id='line_1_10' title="bbox 141 2329 1039 2411; baseline 0.008 -22"><span class='ocrx_word' id='word_1_70' title='bbox 141 2330 230 2408; x_wconf 79' lang='lat' dir='ltr'>ipse&#39;</span> <span class='ocrx_word' id='word_1_71' title='bbox 271 2329 389 2393; x_wconf 71' lang='lat' dir='ltr'>Hirrus</span> <span class='ocrx_word' id='word_1_72' title='bbox 403 2332 552 2393; x_wconf 82' lang='lat' dir='ltr'>barbatus</span> <span class='ocrx_word' id='word_1_73' title='bbox 565 2333 690 2394; x_wconf 81' lang='lat' dir='ltr'><strong>dolosae</strong></span> <span class='ocrx_word' id='word_1_74' title='bbox 704 2334 821 2394; x_wconf 84' lang='lat' dir='ltr'>bestiae</span> <span class='ocrx_word' id='word_1_75' title='bbox 835 2337 937 2411; x_wconf 87' lang='lat' dir='ltr'>paruit</span> <span class='ocrx_word' id='word_1_76' title='bbox 955 2339 987 2396; x_wconf 89' lang='lat' dir='ltr'>et</span> <span class='ocrx_word' id='word_1_77' title='bbox 1007 2356 1039 2396; x_wconf 81' lang='lat' dir='ltr'>ee</span> 
     </span>
     <span class='ocr_line' id='line_1_11' title="bbox 141 2429 1084 2508; baseline 0.007 -20"><span class='ocrx_word' id='word_1_78' title='bbox 141 2429 175 2489; x_wconf 91' lang='lat' dir='ltr'>in</span> <span class='ocrx_word' id='word_1_79' title='bbox 188 2433 321 2507; x_wconf 87' lang='lat' dir='ltr'>puteum</span> <span class='ocrx_word' id='word_1_80' title='bbox 335 2430 478 2491; x_wconf 84' lang='lat' dir='ltr'>immisit.</span> <span class='ocrx_word' id='word_1_81' title='bbox 520 2433 565 2492; x_wconf 80' lang='lat' dir='ltr'>At</span> <span class='ocrx_word' id='word_1_82' title='bbox 576 2431 687 2508; x_wconf 74' lang='lat' dir='ltr'>vulpes</span> <span class='ocrx_word' id='word_1_83' title='bbox 698 2433 789 2493; x_wconf 83' lang='lat' dir='ltr'>eeleie</span> <span class='ocrx_word' id='word_1_84' title='bbox 799 2433 945 2493; x_wconf 79' lang='lat' dir='ltr'>cornibus</span> <span class='ocrx_word' id='word_1_85' title='bbox 960 2434 1039 2494; x_wconf 80' lang='lat' dir='ltr'>hirei</span> <span class='ocrx_word' id='word_1_86' title='bbox 1055 2461 1084 2496; x_wconf 83' lang='grc' dir='ltr'>ιο</span> 
     </span>
    </p>
   </div>
   <div class='ocr_carea' id='block_1_3' title="bbox 24 2530 1039 2606">
    <p class='ocr_par' dir='ltr' id='par_1_3' title="bbox 24 2530 1039 2606">
     <span class='ocr_line' id='line_1_12' title="bbox 24 2530 1039 2606; baseline 0.003 -18"><span class='ocrx_word' id='word_1_87' title='bbox 24 2588 29 2597; x_wconf 82' lang='grc'><strong><em>,</em></strong></span> <span class='ocrx_word' id='word_1_88' title='bbox 141 2533 269 2606; x_wconf 85' lang='lat' dir='ltr'>repente</span> <span class='ocrx_word' id='word_1_89' title='bbox 292 2530 367 2588; x_wconf 80' lang='lat' dir='ltr'>nixa</span> <span class='ocrx_word' id='word_1_90' title='bbox 390 2532 493 2606; x_wconf 82' lang='lat' dir='ltr'>putee</span> <span class='ocrx_word' id='word_1_91' title='bbox 509 2531 615 2604; x_wconf 81' lang='lat' dir='ltr'>evasit,</span> <span class='ocrx_word' id='word_1_92' title='bbox 643 2533 676 2590; x_wconf 85' lang='lat' dir='ltr'>et</span> <span class='ocrx_word' id='word_1_93' title='bbox 700 2531 835 2591; x_wconf 88' lang='lat' dir='ltr'>stultum</span> <span class='ocrx_word' id='word_1_94' title='bbox 860 2532 983 2591; x_wconf 80' lang='lat' dir='ltr'>hiremn</span> <span class='ocrx_word' id='word_1_95' title='bbox 1005 2533 1039 2592; x_wconf 90' lang='lat' dir='ltr'>in</span> 
     </span>
    </p>
   </div>
   <div class='ocr_carea' id='block_1_4' title="bbox 98 2628 1069 2888">
    <p class='ocr_par' dir='ltr' id='par_1_4' title="bbox 98 2628 1069 2888">
     <span class='ocr_line' id='line_1_13' title="bbox 98 2628 1069 2706; baseline -0.001 -17"><span class='ocrx_word' id='word_1_96' title='bbox 98 2662 104 2674; x_wconf 76' lang='lat'><strong>·</strong></span> <span class='ocrx_word' id='word_1_97' title='bbox 140 2628 245 2689; x_wconf 80' lang='lat' dir='ltr'><strong>clauso</strong></span> <span class='ocrx_word' id='word_1_98' title='bbox 255 2628 335 2688; x_wconf 86' lang='lat' dir='ltr'><strong>vado</strong></span> <span class='ocrx_word' id='word_1_99' title='bbox 346 2628 480 2705; x_wconf 86' lang='lat' dir='ltr'>reliquit.</span> <span class='ocrx_word' id='word_1_100' title='bbox 513 2629 821 2704; x_wconf 81' lang='lat' dir='ltr'>Sichomoeallidue,</span> <span class='ocrx_word' id='word_1_101' title='bbox 835 2629 931 2690; x_wconf 79' lang='lat' dir='ltr'>simul</span> <span class='ocrx_word' id='word_1_102' title='bbox 945 2632 1038 2706; x_wconf 87' lang='lat' dir='ltr'>atque</span> <span class='ocrx_word' id='word_1_103' title='bbox 1067 2658 1069 2662; x_wconf 33' lang='lat' dir='ltr'>v</span> 
     </span>
     <span class='ocr_line' id='line_1_14' title="bbox 140 2727 1039 2806; baseline 0.004 -20"><span class='ocrx_word' id='word_1_104' title='bbox 140 2728 174 2787; x_wconf 87' lang='lat' dir='ltr'>in</span> <span class='ocrx_word' id='word_1_105' title='bbox 189 2727 365 2804; x_wconf 83' lang='lat' dir='ltr'>perieulum</span> <span class='ocrx_word' id='word_1_106' title='bbox 379 2727 478 2801; x_wconf 85' lang='lat' dir='ltr'>venit,</span> <span class='ocrx_word' id='word_1_107' title='bbox 492 2727 644 2805; x_wconf 84' lang='lat' dir='ltr'>effugium</span> <span class='ocrx_word' id='word_1_108' title='bbox 658 2727 788 2788; x_wconf 85' lang='lat' dir='ltr'>alterius</span> <span class='ocrx_word' id='word_1_109' title='bbox 807 2728 891 2790; x_wconf 81' lang='lat' dir='ltr'>malo</span> <span class='ocrx_word' id='word_1_110' title='bbox 906 2730 1039 2806; x_wconf 88' lang='lat' dir='ltr'>reperire</span> 
     </span>
     <span class='ocr_line' id='line_1_15' title="bbox 141 2829 278 2888; baseline 0.007 -1"><span class='ocrx_word' id='word_1_111' title='bbox 141 2829 278 2888; x_wconf 77' lang='lat' dir='ltr'>conatur.</span> 
     </span>
    </p>
   </div>
   <div class='ocr_carea' id='block_1_5' title="bbox 0 0 1210 3642">
    <p class='ocr_par' dir='ltr' id='par_1_5' title="bbox 0 0 1210 3642">
     <span class='ocr_line' id='line_1_16' title="bbox 0 0 1210 3642; baseline 0 3"><span class='ocrx_word' id='word_1_112' title='bbox 0 0 1210 3642; x_wconf 95' lang='lat' dir='ltr'> </span> 
     </span>
    </p>
   </div>
  </div>
 </body>
</html>
