2409 3642
194 204 237 269 60
476 221 630 275 scenas
661 221 814 275 amnas

194 360 326 419 Romam
351 361 453 437 rediit,
477 363 661 424 duodecimo
687 383 771 423 anno
793 367 960 442 postquam
984 362 1098 422 consul

193 458 302 519 fuerat.
345 460 394 519 Ex
414 482 451 520 eo
472 464 613 539 tempore
633 482 700 522 rom
717 461 878 540 publioam
895 482 951 539 per
969 462 1097 540 quadra·

165 579 178 627 5
193 558 279 635 ginta
293 561 326 618 et
340 563 487 637 quattuor
500 580 599 623 annos
614 562 699 623 solus
713 562 857 624 obtinuit
902 564 988 622 Ante
1007 561 1096 621 enim

193 656 357 718 duodecim
375 678 473 720 annos
493 680 565 721 oum
578 662 720 721 Antonio
739 664 771 722 et
788 660 907 738 Lepido
925 660 1096 737 imperium

192 757 342 818 tenuerat
387 758 496 836 Neque
510 753 676 837 quisquam
695 781 731 820 eo
749 764 804 821 aut
823 748 856 818 in
876 759 960 819 bello
973 758 1096 818 felicior

191 856 293 915 autin
307 876 381 933 paee
395 857 583 918 moderatior
595 858 663 918 fuit
708 859 771 918 Per
785 877 894 919 omnes
912 858 970 917 hos
983 878 1096 930 annos,

192 955 305 1031 quibus
325 955 410 1015 solus
430 956 527 1033 gessit
546 956 725 1034 imperium,
745 957 928 1017 civilissime
945 957 1028 1018 vixit
1059 957 1096 1016 in

151 1078 180 1113 ιο
192 1056 319 1115 onustos
332 1054 579 1133 liberalissimus,
597 1056 632 1116 in
645 1057 761 1117 amieos
774 1055 957 1117 fidissimus.

223 1360 343 1422 XOIII.
375 1359 469 1421 Roua
488 1380 530 1420 ar
550 1380 615 1422 run
636 1362 769 1422 Herone
791 1381 829 1421 or
850 1380 917 1422 nnn
936 1360 1057 1421 Powma

550 1459 730 1537 (continual).

232 1606 371 1665 Romano
385 1606 498 1666 adiecit
510 1604 642 1682 imperio
656 1605 809 1683 plurimas
823 1605 972 1667 civitatee.
1019 1607 1093 1665 Ger·

189 1723 357 1763 manorum
380 1703 523 1781 ingentes
551 1704 654 1780 copias
680 1704 801 1764 cecidit.
843 1704 984 1778 Obsides,
1009 1703 1093 1779 quod

190 1801 310 1862 nemini
337 1805 439 1876 antea,
464 1803 577 1863 Persae
607 1805 636 1862 ei
663 1802 824 1865 dederunt.
877 1803 1093 1863 Reddiderunt

190 1902 285 1962 etiam
304 1901 393 1980 signa
412 1903 563 1977 Romana,
577 1922 656 1980 quas
674 1903 782 1965 Crasso
796 1904 881 1963 vieto
900 1903 1089 1963 ademerant.

162 2002 290 2068 5Tanto
314 2005 419 2062 autem
440 2022 545 2062 amore
569 1998 666 2062 etiain
691 2003 774 2079 apud
794 2001 942 2062 barbaros
962 2001 1031 2075 fuit,
1056 2003 1093 2060 ut

190 2120 284 2177 reges
301 2100 408 2178 populi
422 2100 555 2160 Romani
569 2100 671 2175 amioi,
686 2102 720 2161 in
734 2102 885 2161 honorem
897 2101 964 2160 eius
983 2099 1092 2160 conde·

189 2199 260 2258 rent
274 2198 426 2273 civitates,
442 2218 517 2276 quas
531 2199 694 2260 Caesareas
707 2199 914 2260 nominarent.
953 2197 1092 2259 Moriens

189 2295 290 2357 Divus
308 2296 481 2373 appellatus
494 2300 542 2357 'est
556 2300 588 2356 et
602 2297 727 2358 Tiberio
742 2298 911 2358 suooessori
930 2316 997 2357 rem
1016 2296 1091 2373 pub·

188 2394 283 2455 lioam
296 2394 512 2457 beatissimam
526 2396 661 2473 reliquit.

214 2693 326 2755 XCIV.
358 2694 489 2755 Fauons
511 2693 616 2754 Kmss
637 2713 676 2753 or
697 2695 824 2753 Gesner
845 2710 911 2752 nnn
932 2691 1060 2752 Pensm.

229 2839 319 2899 Inter
339 2857 426 2917 reges
447 2841 581 2901 Graeoae
604 2840 636 2898 et
657 2838 796 2898 Persicae
821 2837 924 2914 gentis
945 2837 1089 2897 nonnulli

189 2939 338 2998 memoria
357 2938 444 3014 digni
460 2957 527 2997 esse
540 2937 699 2997 videntur.
744 2935 1009 2996 Excellentissimi
1027 2935 1089 2995 fue

188 3039 271 3112 runt,
288 3040 323 3096 ut
338 3056 395 3097 nos
414 3036 598 3111 iudicamus,
615 3036 782 3096 Persarum
797 3037 897 3113 Cyrus
913 3038 945 3095 et
959 3035 1085 3097 Dareus.

189 3136 316 3197 Horum
339 3135 424 3212 prior
447 3135 528 3212 apud
550 3135 740 3211 Massagetas
763 3135 797 3194 in
821 3134 938 3211 proelio
959 3135 1088 3209 oeoldit3

163 3246 175 3294 5
189 3235 310 3295 Dareus
324 3234 483 3294 senectute
498 3232 677 3294 diemobiit
692 3253 882 3310 supremum.
925 3233 1001 3307 Tres
1014 3236 1089 3294 sunt
1188 3236 1189 3243 ’
