2409 3642
441 227 594 282 scaras
626 225 778 280 paruas
1015 237 1055 303 41

157 371 252 429 vento
274 369 413 429 flectunt.
459 367 580 442 Postea,
609 367 664 426 ubi
690 365 826 444 proeella
847 369 1056 446 praeterierat,

158 468 242 528 iunei
256 467 358 527 adhue
374 467 450 527 reati
469 467 601 528 stabant.
647 467 708 527 Sed
723 467 851 543 quercui
865 468 949 528 haud
964 490 1060 546 aeque

158 566 237 625 bene
265 585 314 626 res
341 567 495 626 evenerat.
538 566 616 625 Eius
643 565 728 625 enim
756 566 873 626 radices
899 566 933 625 in
960 567 1086 635 humo5

157 665 220 724 alte
234 666 314 724 fixae
328 666 411 725 sunt.
456 665 560 724 Arbor
573 664 671 742 igitur
685 666 778 740 oaput
791 684 884 724 suurn
896 665 1059 726 demittere

158 750 223 823 ¹non
250 766 378 841 poterat.
424 764 484 825 Sed
513 763 568 823 ubi
597 764 732 842 procella
761 764 900 840 desierat,
928 785 1060 842 quereus

158 864 251 924 humi
270 866 375 926 iacens
394 866 463 926 visa
484 869 540 928 est.

418 1031 502 1092 LXI.
537 1032 609 1092 Tua
634 1032 801 1102 Sauream.

199 1155 328 1216 Soiurus
361 1155 490 1232 quidam
524 1155 559 1213 in
593 1154 759 1215 arboribus
793 1174 925 1233 magnae
961 1155 1059 1215 silvae

158 1253 325 1315 habitabat.
357 1253 421 1314 Hie
431 1273 536 1314 seeum
548 1273 639 1330 saepe
653 1254 742 1331 queri
753 1253 880 1313 solebat.
915 1253 1061 1328 ‘Semper

158 1353 192 1411 in
206 1353 314 1411 eodem
329 1352 396 1411 looo
411 1371 538 1411 manere
553 1370 677 1411 neeesse
691 1354 748 1412 est.
787 1352 847 1411 Sed
862 1351 1014 1410 luscinius
1028 1355 1059 1415 et

157 1451 292 1510 hirundo
313 1451 391 1511 alias
412 1454 509 1510 terras
529 1469 621 1526 saepe
640 1450 756 1510 visunt.
800 1449 853 1509 Ibi
872 1469 921 1509 res
942 1450 1060 1509 multas

156 1552 188 1610 et
210 1550 356 1626 pulohras
377 1549 493 1610 vident.
538 1549 602 1610 Our
622 1569 686 1608 non
706 1569 763 1626 ego
785 1568 907 1626 quoque
929 1548 1087 1625 longums

157 1647 217 1707 iter
237 1647 358 1710 faoio?’
400 1649 448 1708 Ex
471 1648 607 1708 summis
629 1647 795 1707 arboribus
813 1647 933 1707 sciurus
958 1646 1059 1707 altum

156 1746 314 1806 montium
333 1747 443 1825 iugum
462 1767 551 1825 saepe
569 1747 698 1808 viderat.
744 1747 854 1829 Itaque
874 1746 932 1806 hoc
949 1746 1058 1823 iugum

156 1848 255 1907 visere
273 1847 445 1908 constituit
492 1846 555 1905 Neo
573 1866 629 1923 per
645 1848 745 1905 totam
767 1847 892 1905 noctem
911 1864 1059 1905 somnum

156 1964 265 2021 capere
282 1946 394 2022 potuit.
437 1944 538 2004 Tanta
557 1945 643 2003 enim
664 1943 778 2019 gaudia
796 1947 893 2020 erant,
911 1965 990 2022 quae
1010 1964 1058 2004 ex-

156 2044 252 2122 periri
276 2042 495 2105 meditabatur.
1073 2060 1104 2094 10

308 2217 414 2279 LXII.
445 2218 516 2278 rna
537 2217 697 2288 Sauream
718 2217 902 2294 (continued)

72 2370 77 2385 ι
195 2341 304 2403 Prima
317 2341 414 2420 igitur
431 2341 501 2401 luoe
520 2344 644 2401 tantum
666 2342 736 2417 eibi,
754 2346 910 2419 quantum
924 2345 1054 2419 poterat,

155 2461 259 2501 seeum
288 2442 392 2501 ferens
415 2441 572 2517 profectus
601 2443 656 2499 est.
699 2440 820 2500 Deinde
844 2441 961 2501 multas
989 2446 1059 2517 post

154 2541 248 2601 horas
260 2539 300 2600 ad
315 2540 426 2616 iugum
442 2540 593 2615 pervenit.
637 2538 720 2624 Tum
741 2540 847 2598 autem
865 2538 933 2599 eius
946 2539 1059 2600 miran-

155 2640 240 2700 tibus
254 2638 354 2699 ooulis
371 2638 507 2697 alterum
522 2638 632 2714 iugum
648 2637 731 2696 ultra
745 2636 851 2697 visum
871 2641 927 2698 est.
973 2638 1058 2700 Dum

153 2738 248 2799 altius
275 2737 423 2813 aseendit,
455 2737 573 2797 humus
601 2736 721 2795 sensim
750 2736 865 2795 nudior
893 2737 974 2796 facta
1003 2743 1085 2806 eet.5

154 2837 267 2898 Subito
289 2837 415 2913 milvus,
443 2856 481 2895 ex
508 2835 594 2896 eoelo
617 2834 771 2911 delapsus,
798 2855 870 2895 eum
900 2837 1058 2912 unguibus

154 2937 221 2997 suis
233 2936 372 2998 abstulit
417 2934 552 2995 Milvum
573 2938 691 3007 autem,
711 2954 782 2993 oum
800 2937 946 3010 praedam
966 2937 1056 2996 edere

153 3036 257 3110 vellet,
278 3035 384 3113 aquila
408 3034 518 3093 adorta
539 3037 595 3093 est.
640 3032 769 3093 Soiurus
791 3034 887 3110 igitur
908 3036 1057 3096 remissus

154 3136 188 3194 iu
202 3134 343 3195 arborem
358 3132 483 3193 decidit.
526 3132 599 3191 Mox
611 3134 716 3191 autem
728 3151 842 3210 magno
857 3152 928 3193 cum
944 3133 1057 3209 gaudio

154 3233 265 3292 nidum
280 3252 372 3291 suum
387 3230 471 3292 haud
486 3231 594 3307 procul
609 3231 740 3291 invenit
