2409 3642
76 271 79 279 Ι
155 182 200 268 48
438 200 590 253 scarae
622 202 774 254 1111111

156 336 266 395 Iovem
304 338 414 397 multis
453 360 524 399 curn
564 342 710 417 precibus
743 363 834 402 ranae
868 345 1058 403 oraverunt:
1189 252 1191 399 i

112 451 140 500 15
156 433 270 493 ‘Hunc
294 438 464 511 tyranuum
489 440 580 500 nobis
601 442 784 500 summove?
826 442 886 501 Sed
912 441 1059 516 Iuppiter

154 531 253 685 iraltus
282 537 459 613 respondit:
498 539 553 598 ‘Id
583 540 666 617 quod
694 538 921 619 postulavistis,
949 557 1057 598 amare

154 627 192 685 de
214 628 293 689 etis’

264 838 401 900 LXXII.
432 843 501 902 Tur
523 843 638 903 Hares
659 863 725 904 111)
746 863 810 904 rna
831 845 942 904 Faocs.

193 971 325 1047 Lepores
361 974 437 1033 olim
473 976 644 1036 miserrimi
679 980 768 1037 erant
804 977 877 1055 quia
907 976 1055 1036 homines

151 1089 273 1146 semper
297 1092 350 1132 eos
371 1073 573 1135 venabantur.
622 1077 733 1154 Itaque
762 1076 991 1136 constituerunt
1019 1075 1055 1133 in

151 1168 287 1228 finitimo
310 1171 378 1231 lacu
404 1192 470 1233 sese
494 1174 695 1252 submergere
720 1178 751 1233 et
775 1176 871 1234 finem
893 1174 1054 1233 malorum

151 1268 411 1331 emniumfacere.
455 1273 578 1332 Deinde
593 1274 631 1333 ad
653 1293 766 1350 aquam
780 1274 909 1350 profecti
924 1274 1000 1331 sunt
1021 1275 1054 1330 et

123 1385 206 1440 5per
223 1367 338 1428 saltum
355 1374 489 1430 mortem
507 1381 610 1447 petere
630 1373 804 1432 voluerunt.
850 1372 930 1431 Cum
944 1371 1053 1430 autem

150 1465 442 1543 appropinquarent,
474 1469 629 1545 plurimae
661 1460 761 1544 ranae,
800 1490 879 1546 quae
914 1469 949 1528 in
984 1467 1054 1544 ripa

150 1563 306 1640 sedebant,
332 1566 365 1623 in
388 1586 501 1644 aquam
523 1568 704 1643 perterritae
726 1568 924 1631 insiluerunt.
969 1568 1053 1626 Tum

150 1661 279 1738 quidam
307 1684 345 1723 ex
377 1663 534 1741 leporibus
562 1667 691 1726 comites
720 1687 793 1726 suos
825 1667 869 1726 sic
896 1665 1053 1725 allocutus

150 1763 216 1819 est:
247 1761 309 1821 ‘Ne
336 1783 392 1822 nos
417 1764 597 1839 moriamur,
626 1765 679 1823 hic
707 1765 793 1823 enim
818 1764 878 1824 elia
902 1763 1053 1823 animalia

107 1875 138 1911 10
149 1858 255 1919 videre
271 1880 445 1937 possumus,
463 1883 550 1940 quae,
562 1863 658 1923 etiam
679 1862 839 1922 timidiora
860 1864 935 1922 sunt
956 1881 1050 1937 quam

149 1961 273 2018 nosmet
291 1959 372 2036 ipsi’
415 1961 550 2038 Lepores
564 1962 668 2040 igitur,
685 1963 743 2021 hoc
763 1964 929 2038 comperto,
945 1960 1051 2020 vivere

148 2059 335 2120 statuerunt.
380 2060 494 2122 Aliena
509 2064 593 2121 eninr
609 2060 733 2137 ignavia
751 2060 895 2119 animum
910 2060 945 2119 in
959 2059 1051 2119 nobis

147 2156 318 2234 peripsam
333 2159 554 2220 verecundiam
569 2179 660 2236 saepe
675 2162 764 2219 creat.

344 2375 500 2435 LXXIII.
532 2378 604 2435 Tau
626 2375 841 2435 Firma-meu.

188 2509 298 2568 Primo
312 2508 362 2568 hic
376 2508 471 2585 piscis
486 2509 590 2568 nullas
604 2510 670 2568 alas
681 2507 831 2580 habebat3
854 2525 926 2564 cum
943 2510 1052 2566 autem

147 2607 275 2668 invidus
297 2611 386 2684 esset,
412 2609 522 2668 Iovem
545 2607 686 2684 geminas
709 2605 774 2663 alas
798 2602 931 2680 rogavit,
953 2604 1052 2664 maris

147 2707 232 2766 enim
263 2708 369 2768 hostes
403 2707 447 2766 sic
480 2708 587 2781 fugere
622 2724 722 2781 posse.
782 2702 898 2761 Statim
932 2702 1051 2777 pinuae

147 2825 280 2864 crescere
308 2806 500 2883 incipiebant
527 2807 559 2863 et
588 2823 661 2863 mox
688 2801 810 2859 alarum
834 2797 932 2857 officio
956 2799 1051 2876 fungi

119 2905 300 2979 5poterant.
360 2903 469 2963 Primo
499 2905 612 2962 natura
641 2918 722 2959 nova
754 2896 827 2954 huic
858 2914 1048 2973 magnopere

147 3002 265 3077 placuit
282 3006 313 3062 et
334 3004 469 3078 comites,
494 3021 572 3079 quos
593 3000 627 3058 in
648 3016 728 3073 aqua
748 2993 922 3070 reliquerat,
948 2996 1050 3072 despi-

147 3101 253 3160 ciebat.
298 3101 441 3160 Pericula
469 3120 551 3160 nova
579 3115 676 3158 novas
704 3095 830 3151 1111111
858 3096 1044 3167 sequnntur,

147 3198 228 3256 Nam
246 3197 366 3259 111111
385 3198 540 3258 obnoxius
558 3194 682 3272 magnis
695 3188 876 3250 volucribus
893 3194 968 3265 erat,
990 3195 1049 3271 qui
