2409 3642
154 225 195 293 16
432 240 586 293 scama
619 239 771 293 omues

227 432 316 495 XXI.
362 433 513 494 Rnouuus
534 451 599 492 auo
620 452 684 492 uun
705 433 980 496 Oanuuaommus.

175 575 199 620 1.
224 556 372 635 Regulus,
403 556 513 617 consul
541 557 767 631 Romanorum,
799 557 921 618 Poenos
951 558 1056 619 navali

273 656 392 733 proelio
406 655 489 718 vicit
577 728 579 731 ¹

172 772 199 815 2.
224 753 307 814 Tum
334 755 456 832 pn'mus
478 756 695 815 Romanorum
720 755 837 817 dueum
866 757 998 819 classem
1022 758 1056 818 in

274 852 414 912 Afiioam
428 853 557 915 traiecit.
866 838 871 847 ’

172 969 200 1029 3.
223 950 275 1011 Ibi
289 970 338 1011 res
352 950 506 1011 mirabilis
519 952 554 1011 in
569 953 681 1012 castris
697 952 810 1030 Reguli
824 954 945 1015 accidit.

172 1069 200 1128 4
225 1050 341 1111 Consul
356 1053 454 1111 eastra
467 1070 525 1112 sua
538 1051 621 1127 apud
633 1051 753 1111 flumen
764 1071 917 1129 magnum
932 1051 1055 1113 habuit.

172 1167 200 1228 5.
224 1149 308 1209 Tum
336 1169 463 1227 serpens
489 1149 612 1226 ingenti
639 1149 858 1228 magnitudine
882 1172 899 1210 e
928 1150 1058 1211 latebris

275 1248 372 1309 venit.

172 1348 201 1409 6.
226 1347 289 1407 Hic
303 1367 430 1426 serpens
444 1348 601 1409 Romanos
615 1349 724 1408 statim
738 1368 849 1410 vexare
862 1348 972 1426 coepit.

174 1465 200 1525 7.
224 1447 358 1507 Romani
373 1467 455 1507 novo
469 1467 582 1524 genere
596 1467 720 1525 pugnae
733 1447 835 1508 territi
850 1451 934 1508 sunt.

172 1545 200 1607 8.
224 1546 402 1606 Monstrum
418 1545 489 1607 telis
503 1546 619 1606 frustra
633 1546 782 1623 repellere
796 1549 958 1608 conantur.

172 1664 200 1722 9.
225 1645 345 1705 Deinde
368 1665 442 1704 eum
467 1643 602 1704 ballistis
625 1648 657 1703 et
682 1644 849 1721 catapultis
877 1665 1057 1723 oppugnare

275 1748 451 1821 coeperant.

155 1862 200 1903 10.
224 1842 366 1902 Tandem
380 1861 507 1919 seipens
521 1843 604 1902 saxis
617 1842 788 1919 grandibus
803 1842 923 1904 occisus
936 1848 993 1905 est.

156 1958 200 2003 11.
225 1942 353 2003 Colium
367 1945 474 2002 autem
488 1940 582 2018 pedes
599 1946 729 2002 eentum
747 1946 780 2002 et
795 1943 910 2021 viginti
925 1944 1056 2022 longum

274 2044 349 2102 erat.

346 2250 454 2312 XXII.
501 2250 653 2310 Raouios
674 2247 858 2326 (continued).

175 2395 203 2440 1.
224 2377 298 2439 Mox
325 2376 468 2436 eonsules
495 2392 584 2450 agros
613 2372 792 2432 Poenorum
821 2373 902 2432 ferro
930 2378 963 2433 et
991 2374 1057 2449 igni

273 2478 407 2538 vastant.
1026 2486 1029 2493 ·

171 2597 199 2639 2.
222 2580 268 2637 At
282 2576 386 2636 hiems
399 2572 512 2650 frigida
526 2573 596 2631 tum
613 2569 748 2633 suberat.

171 2694 199 2755 3.
224 2676 337 2752 Itaque
350 2672 490 2751 Regulus
504 2670 604 2731 aciem
619 2672 727 2730 eontra
741 2670 865 2730 Poenos
879 2670 1039 2733 instruxit.

170 2795 201 2853 4.
223 2774 284 2835 Sed
305 2772 444 2833 hostium
467 2771 560 2831 duces
581 2770 616 2828 in
637 2770 754 2846 apert'm
774 2770 893 2846 eampis
912 2790 1054 2847 pugnare

273 2870 430 2932 nolebant.

170 2991 198 3051 5.
222 2973 341 3032 Omnes
364 2971 461 3048 igitur
483 2968 588 3046 copias
617 2968 651 3026 in
681 2968 840 3044 proximos
867 2967 962 3028 eolles
986 2968 1056 3029 sub

272 3072 403 3131 ducunt.

169 3171 200 3227 6.
222 3170 322 3230 Poeni
336 3172 406 3228 tum
420 3167 561 3246 equitatu
576 3166 752 3244 plurimum
766 3165 920 3228 valebant.

172 3284 199 3341 7.
221 3268 263 3326 In
277 3268 439 3328 montibus
453 3272 560 3328 autem
573 3267 732 3346 equitibus
746 3268 794 3328 uti
808 3287 872 3327 non
887 3269 1040 3345 poteraut.
