2409 3642
362 227 386 272 Ι
401 229 443 273 2
922 225 1231 279 SCALAE
1289 229 1591 283 PRIMAE

748 381 919 443 XVI.
1011 383 1350 445 HossA'rms
1390 385 1754 462 (continued).

736 486 800 530 ‘O
829 487 990 543 Tiber,
1021 488 1192 534 father
1218 490 1378 546 Tiber‚

815 546 884 590 To
914 547 1080 591 whom
1109 549 1198 593 the
1230 551 1453 600 Romans
1478 565 1613 607 pray,

756 605 800 648 A
831 606 1064 650 Roman’s
1091 607 1190 664 life,
1224 623 1255 652 a
1286 611 1517 656 Roman’s
1544 626 1696 666 arms,

814 665 947 709 'Pake
974 665 1102 711 thou
1131 666 1186 710 in
1217 668 1400 723 charge
1429 670 1533 714 this
1562 672 1687 726 day-,⁹

1481 734 1604 788 Lays
1626 735 1681 790 of
1692 737 1892 780 Anctent
1912 737 2065 785 Rome.

387 833 436 875 1.
485 815 605 875 Ille
634 819 848 877 tamen
876 817 1048 878 solus
1074 819 1143 878 in
1173 820 1464 881 ulteriore
1493 826 1666 899 parte
1697 828 1927 886 manet.

378 931 433 973 2.
485 913 625 973 Iam
650 915 860 975 hostes
888 936 1192 993 magnum
1223 918 1562 980 clamorem
1591 922 1841 984 tollunt.

375 1030 432 1090 3.
483 1012 775 1090 Undique
803 1014 870 1074 in
899 1034 1046 1074 eum
1077 1037 1279 1076 unum
1310 1017 1436 1078 tela
1464 1021 1794 1081 coniciunt.

374 1129 429 1187 4.
477 1110 680 1172 Simul
709 1112 931 1190 ingens
957 1113 1166 1192 fragor
1191 1118 1401 1193 pontis
1416 1118 1598 1194 'rupti
1628 1119 1880 1180 auditus
1906 1123 2015 1180 est.

374 1227 429 1287 5.
480 1209 683 1270 Simul
713 1212 1146 1272 Romanorum
1173 1213 1407 1275 clamor
1435 1217 1511 1276 ad
1541 1217 1752 1277 hostes
1781 1216 2083 1294 pervenit.

370 1309 426 1368 6.
475 1308 636 1368 Tum
683 1310 990 1371 Horatius
1031 1310 1220 1371 deum
1262 1311 1503 1373 Tiberis
1543 1314 1829 1375 fluminis
1870 1314 1957 1374 sic
1996 1334 2129 1392 pre-

573 1409 763 1467 catur.

635 2618 680 2662 A
710 2621 1014 2672 Rivmt-Gon.
1077 2631 1243 2685 (From
1272 2631 1495 2689 Trajan’s
1525 2636 1773 2693 column.)

351 2725 400 2783 7.
455 2711 468 2738 ⁴
486 2710 674 2774 Pater
728 2717 1035 2795 Tiberine,
1095 2724 1301 2800 accipe
1366 2727 1515 2787 haec
1582 2751 1757 2792 arma
1812 2739 1876 2795 et
1932 2738 2102 2798 hunc

545 2812 854 2874 militem?

341 2905 398 2967 8.
449 2908 689 2987 Itaque,
724 2913 811 2972 sie
838 2921 1133 2993 armatus,
1169 2918 1237 2979 in
1266 2923 1539 2984 Tiberim
1572 2927 1835 2992 desiluit.

340 3024 394 3080 9.
447 3005 622 3068 Inter
650 3011 932 3072 hostium
964 3015 1088 3074 tela
1115 3019 1453 3083 incolumis
1482 3026 1558 3085 ad
1588 3046 1733 3088 suos
1761 3033 2062 3107 pervenit.

304 3121 393 3164 10.
445 3106 682 3169 Civitas
710 3111 787 3170 ob
817 3115 1060 3173 tantam
1093 3117 1393 3180 virtutem
1422 3127 1599 3199 grata
1626 3127 1768 3188 suit.

303 3220 326 3263 1
345 3221 392 3262 1.
443 3203 741 3284 Magnum
772 3209 991 3272 deinde
1019 3215 1319 3291 gaudium
1347 3219 1514 3281 inter
1543 3223 1860 3288 Romanos
1888 3235 2042 3292 erat.
