2409 3642
436 192 589 248 scanne
621 193 774 248 parnas
1017 207 1057 277 51

155 333 302 393 simulac
323 333 405 395 vidit
426 335 548 396 domini
569 336 619 395 sui
640 355 844 412 percussores,
864 335 972 396 furens
991 357 1057 415 pro·

155 433 254 493 currit
263 436 295 491 et
305 453 358 494 ecs
368 433 412 496 ita
423 434 537 494 latratu
545 436 724 510 conterruit,
738 437 774 495 ut
786 455 840 494 rex
848 435 1056 513 suspicionem

155 531 338 609 conciperet.
407 532 612 593 Percussores
648 553 731 611 ergo,
768 534 984 612 comprehensi
1023 538 1055 595 et
1071 556 1102 591 ιο

155 629 296 704 convicti,
313 632 432 692 crimen
448 631 582 693 confessi
596 634 674 692 sunt
688 636 720 692 et
732 652 847 709 poenas
861 633 1022 694 dederunt.

312 846 477 909 LXXVII.
508 848 627 908 Dauos
647 866 713 907 sun
735 846 904 909 Pmnrras.

196 981 320 1043 Damon
345 984 378 1042 et
402 981 549 1043 Phintias
570 980 697 1043 fidelem
722 980 895 1042 amicitiam
919 980 1002 1041 inter
1023 1003 1056 1042 se

154 1079 331 1143 iunxerant.
375 1080 523 1142 Alterum
537 1101 576 1141 ex
590 1080 642 1140 his
655 1079 828 1159 Dionysius
842 1081 1056 1159 Syracusanus

154 1180 265 1257 capitis
300 1180 503 1242 damnaverat
538 1181 570 1239 et
605 1179 686 1239 collo
727 1180 877 1257 suspendi
912 1179 1055 1241 iusserat.

154 1278 267 1356 Itaque
288 1279 340 1339 hic
365 1282 490 1357 tempus
511 1278 550 1339 ab
572 1298 644 1356 rege
664 1278 846 1356 impetravit
868 1281 904 1340 ut
924 1279 1055 1341 domum

153 1379 310 1455 profectus
338 1398 387 1439 res
413 1397 487 1440 suas
519 1377 680 1439 ordinaret
711 1377 894 1456 priusquam
929 1380 1082 1456 periret5

153 1477 239 1538 Dum
259 1481 366 1539 antem
387 1477 483 1553 abest,
505 1478 585 1540 alter
606 1497 639 1537 ee
660 1476 802 1539 obsidem
824 1478 945 1539 reditus
963 1479 1056 1541 amici

154 1580 204 1638 sui
219 1578 290 1639 dare
305 1598 370 1639 non
384 1577 551 1638 dubitavit.
593 1579 714 1638 Omnes
731 1577 828 1655 igitur
846 1580 878 1637 et
897 1576 1055 1655 inprimis

154 1677 323 1756 Dionysius
336 1696 435 1737 novae
449 1680 542 1755 atque
556 1677 702 1754 ancipitis
722 1677 767 1738 rei
784 1676 905 1738 exitum
921 1678 1056 1755 specula·

153 1775 277 1840 bantur.
321 1775 601 1855 Appropinquahat
616 1776 728 1837 deinde
742 1777 835 1838 finita
848 1775 915 1837 dies
928 1797 986 1837 nec
1000 1777 1055 1838 ille

153 1875 294 1937 redierat.
336 1877 454 1936 Omnes
477 1875 632 1937 stultitiae
655 1878 722 1936 tam
743 1877 945 1937 temerarium
966 1895 1054 1955 spon·
1069 1898 1099 1934 ιο

153 1995 255 2036 serem
278 1975 474 2038 damnabant
519 1977 565 2036 At
588 1976 618 2036 is
639 1974 835 2052 praedicabat
856 1995 889 2035 ee
910 1975 993 2035 nihil
1016 1977 1054 2038 de

152 2073 245 2134 amici
256 2074 434 2135 constantia
443 2075 589 2134 metuere.
636 2073 757 2134 Eodem
766 2077 871 2135 autem
882 2076 1052 2151 momento,

152 2178 186 2235 et
199 2174 276 2235 hora
288 2193 307 2233 a
320 2173 472 2253 Dionysio
491 2172 665 2234 constituta
683 2172 872 2251 supervenit
888 2177 920 2233 et
934 2172 1055 2234 amicus

152 2293 191 2332 ex
229 2273 340 2334 itinere
379 2273 481 2334 rediit.
542 2273 709 2351 Tyrannus
745 2272 854 2351 igitur,
887 2272 1054 2333 amborum

152 2374 295 2434 animum
303 2373 482 2447 admiratus,
492 2371 682 2451 supplicium
690 2372 812 2433 remisit
822 2374 915 2450 atque
925 2373 1054 2450 insuper
1067 2397 1096 2449 15

152 2490 205 2530 eos
219 2471 339 2549 rogavit
354 2474 389 2531 nt
404 2490 437 2532 se
450 2472 485 2531 in
498 2472 679 2532 societatem
696 2469 852 2531 amicitiae
868 2471 1049 2547 reciperent.

151 2690 337 2753 LXXVIII.
370 2691 434 2752 Lur
456 2710 519 2753 rme
541 2691 687 2752 Cenoma
708 2695 800 2750 erret<
821 2708 859 2749 ro
881 2708 935 2749 ms
956 2688 1049 2751 Inar.

191 2824 328 2903 Apelles,
345 2825 445 2904 pictor
465 2827 616 2903 egregins,
636 2845 709 2885 cum
728 2823 868 2885 tabulam
886 2823 1049 2900 pinxisset,

150 2943 220 2985 eam
228 2924 458 3003 inspiciendam
466 2923 659 3001 preponebat
669 2923 913 2985 transeuntibus
931 2922 1053 2984 Deinde

151 3027 222 3102 post
242 3024 344 3103 ipsam
365 3024 475 3100 latens,
497 3024 574 3085 vitia
595 3043 673 3102 quae
692 3042 711 3082 a
727 3042 848 3102 quoque
868 3025 1053 3083 notarentur

150 3123 364 3200 auscultabam
384 3123 472 3200 vulgi
487 3125 574 3184 enim
589 3122 743 3183 indicium
756 3142 846 3200 saepe
861 3122 1052 3200 praeferebat

151 3243 215 3283 suo.
259 3222 293 3283 Is
305 3223 471 3301 aliquando
486 3243 505 3284 a
522 3224 629 3282 sutore
647 3221 852 3299 reprehensus
866 3220 900 3279 in
917 3219 1052 3295 crepidis
1065 3241 1079 3290 5

570 3339 590 3380 u
613 3340 628 3377 2
