2409 3642
436 182 591 239 SCALAE
622 181 774 235 PRIMAE

272 481 329 542 XI.
373 481 444 542 Tim
464 479 629 542 erous
650 499 688 539 or
706 498 770 539 rur
790 479 933 539 Roriam.

177 660 201 703 1.
224 641 359 703 Romani
373 640 490 702 milites
506 659 593 701 arma
606 644 639 701 et
652 639 716 699 tela
728 638 894 699 habebant.

174 759 201 801 2.
225 741 325 800 Arma
339 744 429 801 eraut
443 742 540 815 scuta,
557 739 676 814 lorioae,
694 738 806 815 galeae.

173 858 202 918 3.
227 839 304 903 Tela
316 841 407 900 erant
420 839 527 917 gladii,
544 838 684 916 sagittae,
702 837 773 914 pila

174 958 201 1016 4
225 938 343 999 Milites
357 940 446 999 scuta
459 938 595 998 brachiis
609 938 706 997 laevis
719 937 891 1014 gestabant.

174 1055 202 1116 5.
225 1038 335 1099 Castra
345 1039 559 1098 Romanorum
573 1037 657 1097 fossa
671 1039 701 1097 et
712 1036 796 1097 vallo
812 1037 936 1096 munita
950 1039 1032 1096 sunt.

173 1139 202 1198 6.
227 1136 362 1198 Romani
375 1136 409 1196 in
424 1135 591 1197 Britannia
607 1136 711 1196 multa
724 1138 826 1195 eastra
840 1135 1004 1196 habebant.

176 1254 201 1313 7.
225 1236 343 1296 Milites
356 1235 390 1296 in
404 1237 514 1298 eastris
529 1239 623 1297 noctu
637 1255 761 1313 semper
773 1237 874 1297 erant.

173 1336 203 1398 8.
227 1334 361 1395 Romani
395 1336 515 1397 multos
549 1334 671 1414 pedites
700 1333 754 1393 sed
786 1335 907 1411 equites
941 1352 1055 1410 paucos
1071 1326 1075 1331 ’

275 1432 442 1495 habebant.

173 1553 202 1610 9.
228 1533 360 1611 Equites
374 1536 480 1594 autem
494 1554 585 1612 saepe
599 1533 731 1611 pedibus
744 1533 935 1610 pugnabant.

158 1651 203 1694 10.-
229 1632 270 1692 In
281 1632 401 1712 legione
410 1632 552 1695 Romana
560 1631 701 1710 quinque
709 1631 947 1692 miliamilitum
956 1634 1055 1691 eraut.

176 1950 252 2010 XII.
299 1950 384 2010 How
405 1951 498 2010 Ronr
518 1968 588 2010 was
609 1970 709 2010 seven
731 1971 773 2010 ar
793 1971 857 2010 rna
878 1970 1036 2011 cucumae

402 2069 441 2109 or
461 2068 524 2108 rur
545 2049 670 2110 Securo
693 2052 804 2110 Gerasa.

179 2226 204 2268 1.
229 2207 314 2269 Galli
328 2207 405 2266 olim
420 2226 491 2266 oum
506 2207 657 2268 Romanis
671 2207 789 2266 bellum
804 2207 959 2285 gerebant.

175 2326 203 2366 2.
229 2307 346 2367 Hostes
359 2309 465 2367 autem
479 2307 638 2367 Romanos
652 2305 700 2365 bis
713 2306 777 2365 iam
792 2307 939 2368 vicerant.

175 2425 203 2488 3.
228 2407 297 2466 Hoo
311 2409 450 2483 ternpore
465 2405 548 2466 Galli
562 2426 665 2466 arcem
679 2406 794 2466 Romae
810 2405 1000 2467 obsidebant.

175 2523 203 2582 4
229 2504 368 2582 Uterque
382 2505 535 2564 exereitus
549 2505 617 2564 dira
630 2504 712 2564 fame
726 2504 893 2567 laborabat.

175 2623 202 2684 5.
226 2606 366 2666 Tandem
380 2605 479 2666 fames
494 2605 548 2665 vix
563 2603 711 2665 sustineri
724 2608 852 2682 poterat.

173 2706 205 2763 6.
226 2706 364 2765 Anseres
377 2707 493 2779 tamen,
512 2704 631 2764 Iunoni
644 2723 753 2779 saeros,
771 2705 861 2765 edere
875 2704 1032 2766 nolebant.

176 2822 201 2880 7.
226 2803 308 2865 Tum
323 2803 407 2864 Galli
421 2824 438 2863 e
453 2803 563 2864 eastris
576 2805 642 2864 suis
655 2803 902 2880 proficiscuntur.

174 2904 205 2963 8.
226 2903 359 2965 Silentio
375 2904 475 2965 noctis
489 2904 522 2963 in
537 2923 699 2963 summum
714 2923 823 2963 saxum
837 2903 982 2964 evadunt.

174 3022 201 3080 9.
226 3006 346 3064 Omnes
361 3004 504 3065 custodes
516 3003 595 3064 areis
610 3004 814 3065 dormiebant.

157 3119 202 3163 10.
227 3104 325 3165 (lanes
337 3125 459 3182 quoquo
471 3104 578 3165 Gallos
591 3106 795 3166 advenientes
805 3125 869 3165 uon
882 3107 1052 3165 senserunt.

158 3218 202 3260 11.
228 3202 298 3263 laur
314 3203 502 3282 Capitolium
518 3204 552 3266 iu
566 3225 682 3284 magno
696 3205 833 3285 periculo
847 3205 916 3265 fuit.
